@InProceedings{wang2023blockchain-marble,
author="Wang, Zhipeng
and Xiong, Xihan
and Knottenbelt, William J.",
title="Blockchain Transaction Censorship: (In)secure and (In)efficient?",
booktitle="Mathematical Research for Blockchain Economy",
year="2023",
publisher="Springer Nature Switzerland",
address="Cham",
pages="78--94"
}
@article{shumailov2024ai,
  title={AI models collapse when trained on recursively generated data},
  author={Shumailov, Ilia and Shumaylov, Zakhar and Zhao, Yiren and Papernot, Nicolas and Anderson, Ross and Gal, Yarin},
  journal={Nature},
  volume={631},
  number={8022},
  pages={755--759},
  year={2024},
  publisher={Nature Publishing Group}
}
@article{burkhalter2021rofl,
  title={Rofl: Attestable robustness for secure federated learning},
  author={Burkhalter, Lukas and Lycklama, Hidde and Viand, Alexander and K{\"u}chler, Nicolas and Hithnawi, Anwar},
  journal={arXiv preprint arXiv:2107.03311},
  year={2021}
}

@inproceedings{xiong2023demystifying,
  author       = {Xihan Xiong and
                  Zhipeng Wang and
                  William J. Knottenbelt and
                  Michael Huth},
  title        = {Demystifying Just-in-Time {(JIT)} Liquidity Attacks on Uniswap {V3}},
  booktitle    = {5th Conference on Blockchain Research {\&} Applications for Innovative
                  Networks and Services, {BRAINS} 2023, Paris, France, October 11-13,
                  2023},
  pages        = {1--8},
  publisher    = {{IEEE}},
  year         = {2023}
}

@misc{wang2023blockchain,
      author = {Zhipeng Wang and Xihan Xiong and William J. Knottenbelt},
      title = {Blockchain Transaction Censorship: (In)secure and (In)efficient?},
      howpublished = {Cryptology ePrint Archive, Paper 2023/786},
      year = {2023},
      url = {https://eprint.iacr.org/2023/786}
}

@inproceedings{kumaresan2014use,
  title={How to use bitcoin to incentivize correct computations},
  author={Kumaresan, Ranjit and Bentov, Iddo},
  booktitle={Proceedings of the 2014 ACM SIGSAC Conference on Computer and Communications Security},
  pages={30--41},
  year={2014}
}

@article{parno2016pinocchio,
  title={Pinocchio: Nearly practical verifiable computation},
  author={Parno, Bryan and Howell, Jon and Gentry, Craig and Raykova, Mariana},
  journal={Communications of the ACM},
  volume={59},
  number={2},
  pages={103--112},
  year={2016},
  publisher={ACM New York, NY, USA}
}

@InProceedings{wang2023pay,
  author =	{Wang, Zhipeng and Cirkovic, Marko and Le, Duc V. and Knottenbelt, William and Cachin, Christian},
  title =	{{Pay Less for Your Privacy: Towards Cost-Effective On-Chain Mixers}},
  booktitle =	{5th Conference on Advances in Financial Technologies (AFT 2023)},
  pages =	{16:1--16:25},
  year =	{2023},
  volume =	{282},
  URL =		{https://drops.dagstuhl.de/opus/volltexte/2023/19205},
  doi =		{10.4230/LIPIcs.AFT.2023.16},
}

@inproceedings{grassi2021poseidon,
  title={Poseidon: A New Hash Function for Zero-Knowledge Proof Systems.},
  author={Grassi, Lorenzo and Khovratovich, Dmitry and Rechberger, Christian and Roy, Arnab and Schofnegger, Markus},
  booktitle={USENIX Security Symposium},
  volume={2021},
  year={2021}
}

@misc{ganache,
  title={Ganache},
  author={},
  year={},
  note={Available at: \url{https://trufflesuite.com/ganache/}}
}
@misc{jubjub,
  title={Jubjub},
  author={},
  year={},
  note={Available at: \url{https://z.cash/technology/jubjub/}}
}

@misc{rsawithdrawgithub,
title={Git Hub Forum zETH},
note={Available at: \url{https://github.com/firoorg/zeth/issues/2}}
}
@misc{zeth,
title={zeth},
note={Available at: \url{https://github.com/clearmatics/zeth}}
}

@misc{circomlib,
  title={circomlib},
  author={Jordi Baylina and Kobi Gurkan and Roman Semenov and Alexey Pertsev and adria0 and Ehud Ben-Reuven and arnaucube and Eduard S. and Marta Bellés},
  year={2020},
  note={Available at: \url{https://github.com/tornadocash/circomlib#c372f14d324d57339c88451834bf2824e73bbdbc}}
}

@inproceedings{bunz2020flyclient,
  title={Flyclient: Super-light clients for cryptocurrencies},
  author={B{\"u}nz, Benedikt and Kiffer, Lucianna and Luu, Loi and Zamani, Mahdi},
  booktitle={2020 IEEE Symposium on Security and Privacy (SP)},
  pages={928--946},
  year={2020},
  organization={IEEE}
}

@misc{MMR,
  title={Merkle Mountain Ranges},
  author={Peter Todd},
  year={2018},
  note={Available at: \url{https://github.com/opentimestamps/opentimestamps-server/blob/master/doc/merkle-mountain-range.md}}
}

@inproceedings{pederson,
  author    = {Silvio Micali and
               Michael O. Rabin and
               Joe Kilian},
  title     = {Zero-Knowledge Sets},
  booktitle = {44th Symposium on Foundations of Computer Science {(FOCS} 2003), 11-14
               October 2003, Cambridge, MA, USA, Proceedings},
  pages     = {80--91},
  publisher = {{IEEE} Computer Society},
  year      = {2003},
  url       = {https://doi.org/10.1109/SFCS.2003.1238183},
  doi       = {10.1109/SFCS.2003.1238183},
  timestamp = {Wed, 16 Oct 2019 14:14:54 +0200},
  biburl    = {https://dblp.org/rec/conf/focs/MicaliRK03.bib},
  bibsource = {dblp computer science bibliography, https://dblp.org}
}

@inproceedings{benaloh1994one,
  title={One-way accumulators: A decentralized alternative to digital signatures},
  author={Benaloh, Josh and De Mare, Michael},
  booktitle={Advances in Cryptology—EUROCRYPT’93: Workshop on the Theory and Application of Cryptographic Techniques Lofthus, Norway, May 23--27, 1993 Proceedings 12},
  pages={274--285},
  year={1994},
  organization={Springer}
}

@inproceedings{boneh2019batching,
  title={Batching techniques for accumulators with applications to IOPs and stateless blockchains},
  author={Boneh, Dan and B{\"u}nz, Benedikt and Fisch, Ben},
  booktitle={Advances in Cryptology--CRYPTO 2019: 39th Annual International Cryptology Conference, Santa Barbara, CA, USA, August 18--22, 2019, Proceedings, Part I 39},
  pages={561--586},
  year={2019},
  organization={Springer}
}

@article{hurd2003verification,
  title={Verification of the Miller--Rabin probabilistic primality test},
  author={Hurd, Joe},
  journal={The Journal of Logic and Algebraic Programming},
  volume={56},
  number={1-2},
  pages={3--21},
  year={2003},
  publisher={Elsevier}
}

@inproceedings{reyzin2016efficient,
  title={Efficient asynchronous accumulators for distributed PKI},
  author={Reyzin, Leonid and Yakoubov, Sophia},
  booktitle={Security and Cryptography for Networks: 10th International Conference, SCN 2016, Amalfi, Italy, August 31--September 2, 2016, Proceedings 10},
  pages={292--309},
  year={2016},
  organization={Springer}
}

@inproceedings{wust2022platypus,
  title={Platypus: a central bank digital currency with unlinkable transactions and privacy-preserving regulation},
  author={W{\"u}st, Karl and Kostiainen, Kari and Delius, Noah and Capkun, Srdjan},
  booktitle={Proceedings of the 2022 ACM SIGSAC Conference on Computer and Communications Security},
  pages={2947--2960},
  year={2022}
}


@inproceedings{gennaro2010non,
  title={Non-interactive verifiable computing: Outsourcing computation to untrusted workers},
  author={Gennaro, Rosario and Gentry, Craig and Parno, Bryan},
  booktitle={Advances in Cryptology--CRYPTO 2010: 30th Annual Cryptology Conference, Santa Barbara, CA, USA, August 15-19, 2010. Proceedings 30},
  pages={465--482},
  year={2010},
  organization={Springer}
}

@misc{us2023illicit,
  author={U.S. DEPARTMENT OF THE TREASURY},
  title={Illicit Finance Risk Assessment of Decentralized Finance},
  year={2023},
  note={\url{https://home.treasury.gov/system/files/136/DeFi-Risk-Full-Review.pdf}},
}

@article{alpos2022dske,
  title={DSKE: Digital Signature with Key Extraction},
  author={Alpos, Orestis and Wang, Zhipeng and Kavousi, Alireza and Chau, Sze Yiu and Le, Duc and Cachin, Christian},
  journal={Cryptology ePrint Archive},
  year={2022}
}

@inproceedings{buchmann2011security,
  title={On the security of the Winternitz one-time signature scheme},
  author={Buchmann, Johannes and Dahmen, Erik and Ereth, Sarah and H{\"u}lsing, Andreas and R{\"u}ckert, Markus},
  booktitle={Progress in Cryptology--AFRICACRYPT 2011: 4th International Conference on Cryptology in Africa, Dakar, Senegal, July 5-7, 2011. Proceedings 4},
  pages={363--378},
  year={2011},
  organization={Springer}
}

@inproceedings{merkle1989certified,
  title={A certified digital signature},
  author={Merkle, Ralph C},
  booktitle={Conference on the Theory and Application of Cryptology},
  pages={218--238},
  year={1989},
  organization={Springer}
}


@inproceedings{kate2010constant,
  title={Constant-size commitments to polynomials and their applications},
  author={Kate, Aniket and Zaverucha, Gregory M and Goldberg, Ian},
  booktitle={Advances in Cryptology-ASIACRYPT 2010: 16th International Conference on the Theory and Application of Cryptology and Information Security, Singapore, December 5-9, 2010. Proceedings 16},
  pages={177--194},
  year={2010},
  organization={Springer}
}

@article{weng2023pvcnn,
  title={pvcnn: Privacy-preserving and verifiable convolutional neural network testing},
  author={Weng, Jiasi and Weng, Jian and Tang, Gui and Yang, Anjia and Li, Ming and Liu, Jia-Nan},
  journal={IEEE Transactions on Information Forensics and Security},
  volume={18},
  pages={2218--2233},
  year={2023},
  publisher={IEEE}
}

@article{kavousi2023sok,
  title={SoK: Public Randomness},
  author={Kavousi, Alireza and Wang, Zhipeng and Jovanovic, Philipp},
  journal={Cryptology ePrint Archive},
  year={2023}
}

@inproceedings{gervais2016security,
  title={On the security and performance of proof of work blockchains},
  author={Gervais, Arthur and Karame, Ghassan O and W{\"u}st, Karl and Glykantzis, Vasileios and Ritzdorf, Hubert and Capkun, Srdjan},
  booktitle={Proceedings of the 2016 ACM SIGSAC conference on computer and communications security},
  pages={3--16},
  year={2016}
}

@article{dong2022flock,
  title={FLock: Defending Malicious Behaviors in Federated Learning with Blockchain},
  author={Dong, Nanqing and Sun, Jiahao and Wang, Zhipeng and Zhang, Shuoying and Zheng, Shuhao},
  journal={NeurIPS 2022 Workshops on Decentralization and Trustworthy Machine Learning in Web3: Methodologies, Platforms, and Applications. \href{https://ai-secure.github.io/DMLW2022/papers}{Runner-up Award.}},
  year={2022}
}

@article{wang2023zkfl,
  title={zkfl: Zero-knowledge proof-based gradient aggregation for federated learning},
  author={Wang, Zhipeng and Dong, Nanqing and Sun, Jiahao and Knottenbelt, William and Guo, Yike},
  journal={IEEE Transactions on Big Data},
  year={2024},
  publisher={IEEE}
}


@article{nakamoto2008bitcoin,
  title={Bitcoin: A peer-to-peer electronic cash system},
  author={Nakamoto, Satoshi},
  year={2008}
}

@inproceedings{liu2021zkcnn,
  title={ZkCNN: Zero knowledge proofs for convolutional neural network predictions and accuracy},
  author={Liu, Tianyi and Xie, Xiang and Zhang, Yupeng},
  booktitle={ACM CCS},
  pages={2968--2985},
  year={2021}
}

@misc{wang2023improving-mixer-full,
      author = {Zhipeng Wang and Marko Cirkovic and Duc V. Le and William Knottenbelt and Christian Cachin},
      title = {Pay Less for Your Privacy: Towards Cost-Effective On-Chain Mixers},
      howpublished = {Cryptology ePrint Archive, Paper 2023/1222},
      year = {2023},
      note = {\url{https://eprint.iacr.org/2023/1222}}
}

@article{frey2023synchronization,
  title={The Synchronization Power (Consensus Number) of Access-Control Objects: The Case of AllowList and DenyList},
  author={Frey, Davide and Gestin, Mathieu and Raynal, Michel},
  journal={arXiv preprint arXiv:2302.06344},
  year={2023}
}

@inproceedings{baghery2021another,
  title={Another look at extraction and randomization of groth’s zk-SNARK},
  author={Baghery, Karim and Kohlweiss, Markulf and Siim, Janno and Volkhov, Mikhail},
  booktitle={Financial Cryptography and Data Security: 25th International Conference, FC 2021, Virtual Event, March 1--5, 2021, Revised Selected Papers, Part I 25},
  pages={457--475},
  year={2021},
  organization={Springer}
}


@inproceedings{groth2016size,
  title={On the size of pairing-based non-interactive arguments},
  author={Groth, Jens},
  booktitle={Advances in Cryptology--EUROCRYPT},
  year={2016}
}

@article{boneh2020graduate,
  title={A graduate course in applied cryptography},
  author={Boneh, Dan and Shoup, Victor},
  journal={Draft 0.6},
  year={2023}
}

@inproceedings{rogaway2004cryptographic,
  title={Cryptographic hash-function basics: Definitions, implications, and separations for preimage resistance, second-preimage resistance, and collision resistance},
  author={Rogaway, Phillip and Shrimpton, Thomas},
  booktitle={International workshop on fast software encryption},
  pages={371--388},
  year={2004},
  organization={Springer}
}

@misc{snarkjs,
  title={snarkjs},
  author={Jordi Baylina and Kobi Gurkan and Roman Semenov and Alexey Pertsev and adria0 and Ehud Ben-Reuven and arnaucube and Eduard S. and Marta Bellés},
  year={2020},
  note={Available at: \url{https://github.com/tornadocash/snarkjs#869181cfaf7526fe8972073d31655493a04326d5}}
}

@inproceedings{albrecht2016mimc,
  title={MiMC: Efficient encryption and cryptographic hashing with minimal multiplicative complexity},
  author={Albrecht, Martin and Grassi, Lorenzo and Rechberger, Christian and Roy, Arnab and Tiessen, Tyge},
  booktitle = {Advances in Cryptology - {ASIACRYPT} 2016 - 22nd International Conference
               on the Theory and Application of Cryptology and Information Security,
               Hanoi, Vietnam, December 4-8, 2016, Proceedings, Part {I}},
  pages={191--219},
  year={2016},
  organization={Springer}
}

@misc{anonymous_submission,
  title={On How Zero-Knowledge Proof Blockchain Mixers Improve, and Worsen User Privacy},
  author={Anonymous},
  year={2022},
  note={Available at: \url{https://anonymous.4open.science/r/www-submission-73FB}}
}

@article{conti2018survey,
  title={A Survey on Security and Privacy Issues of Bitcoin},
  author={Conti, Mauro and Kumar, E Sandeep and Lal, Chhagan and Ruj, Sushmita},
  journal={IEEE Communications Surveys \& Tutorials},
  volume={20},
  number={4},
  pages={3416--3452},
  year={2018},
  publisher={IEEE}
}

@inproceedings{kiayias2022peredi,
  title={Peredi: Privacy-enhanced, regulated and distributed central bank digital currencies},
  author={Kiayias, Aggelos and Kohlweiss, Markulf and Sarencheh, Amirreza},
  booktitle={Proceedings of the 2022 ACM SIGSAC Conference on Computer and Communications Security},
  pages={1739--1752},
  year={2022}
}

@misc{tomescu2022utt,
      author = {Alin Tomescu and Adithya Bhat and Benny Applebaum and Ittai Abraham and Guy Gueta and Benny Pinkas and Avishay Yanai},
      title = {UTT: Decentralized Ecash with Accountable Privacy},
      howpublished = {Cryptology ePrint Archive, Paper 2022/452},
      year = {2022},
      note = {\url{https://eprint.iacr.org/2022/452}},
      url = {https://eprint.iacr.org/2022/452}
}



@misc{Flashbots-pos,
  title={Flashbots POS: Merge Architecture},
  author={Flashbots},
  year={2022},
  note={Available at: \url{https://hackmd.io/@flashbots/HJ3EbzVUY}}
}

@article{Quintus2022,
title= {Order flow, auctions and centralisation},
author = {Quintus Kilbourn},
year = {2022},
journal= {Technical Report},
note={Available at: \url{https://writings.flashbots.net/order-flow-auctions-and-centralisation}}
}


@inproceedings{kolachala2021sok,
  title={SoK: Money Laundering in Cryptocurrencies},
  author={Kolachala, Kartick and Simsek, Ecem and Ababneh, Mohammed and Vishwanathan, Roopa},
  booktitle={The 16th International Conference on Availability, Reliability and Security},
  pages={1--10},
  year={2021}
}

@article{jiang2023decentralized,
  title={Decentralized finance (DeFi): A survey},
  author={Jiang, Erya and Qin, Bo and Wang, Qin and Wang, Zhipeng and Wu, Qianhong and Weng, Jian and Li, Xinyu and Wang, Chenyang and Ding, Yuhang and Zhang, Yanran},
  journal={arXiv preprint arXiv:2308.05282},
  year={2023}
}

@INPROCEEDINGS{qin2022quantifying,
  title={Quantifying Blockchain Extractable Value: How dark is the forest?},
  author={Qin, Kaihua and Zhou, Liyi and Gervais, Arthur},
  booktitle={2022 IEEE Symposium on Security and Privacy (SP)}, 
  year={2022},
  publisher={IEEE},
  pages     = {198--214},
  address = {San Francisco, CA, USA}
}

@inproceedings{wang2022zero,
  title={On how zero-knowledge proof blockchain mixers improve, and worsen user privacy},
  author={Wang, Zhipeng and Chaliasos, Stefanos and Qin, Kaihua and Zhou, Liyi and Gao, Lifeng and Berrang, Pascal and Livshits, Benjamin and Gervais, Arthur},
  booktitle={Proceedings of the ACM Web Conference 2023},
  pages={2022--2032},
  year={2023}
}

@inproceedings{yu2019new,
  title     = {New Empirical Traceability Analysis of CryptoNote-Style Blockchains},
  author={Yu, Zuoxia and Au, Man Ho and Yu, Jiangshan and Yang, Rupeng and Xu, Qiuliang and Lau, Wang Fat},
  booktitle={International Conference on Financial Cryptography and Data Security},
  pages={133--149},
  year={2019},
  address = {Frigate Bay, St. Kitts and Nevis},
  publisher={Springer}
}

@article{moser2019effective,
  title={Effective cryptocurrency regulation through blacklisting},
  author={M{\"o}ser, Malte and Narayanan, Arvind},
  journal={Preprint},
  year={2019},
  note = {Available at: \url{https://allquantor.at/blockchainbib/pdf/moser2019effective.pdf}}
}



@inproceedings{bunz2020zether,
  title={Zether: Towards privacy in a smart contract world},
  author={B{\"u}nz, Benedikt and Agrawal, Shashank and Zamani, Mahdi and Boneh, Dan},
  booktitle={International Conference on Financial Cryptography and Data Security},
  pages={423--443},
  year={2020},
  publisher={Springer}
}


@inproceedings{beres2021blockchain,
  title={Blockchain is Watching You: Profiling and Deanonymizing Ethereum Users},
  author={B{\'e}res, Ferenc and Seres, Istv{\'a}n A and Bencz{\'u}r, Andr{\'a}s A and Quintyne-Collins, Mikerah},
  booktitle={2021 IEEE International Conference on Decentralized Applications and Infrastructures (DAPPS)},
  pages={69--78},
  year={2021},
  publisher = {IEEE Computer Society},
  address = {Los Alamitos, CA, USA}
}

@article{moser2018empirical,
  title={An Empirical Analysis of Traceability in the Monero Blockchain},
  author={M{\"o}ser, Malte and Soska, Kyle and Heilman, Ethan and Lee, Kevin and Heffan, Henry and Srivastava, Shashvat and Hogan, Kyle and Hennessey, Jason and Miller, Andrew and Narayanan, Arvind and others},
  journal={Proceedings on Privacy Enhancing Technologies},
  volume={3},
  pages={143--163},
  year={2018}
}

@inproceedings{werner2022sok,
  title={Sok: Decentralized finance (defi)},
  author={Werner, Sam and Perez, Daniel and Gudgeon, Lewis and Klages-Mundt, Ariah and Harz, Dominik and Knottenbelt, William},
  booktitle={Proceedings of the 4th ACM Conference on Advances in Financial Technologies},
  year={2022}
}

@inproceedings{biryukov2014deanonymisation,
  title={Deanonymisation of clients in Bitcoin P2P network},
  author={Biryukov, Alex and Khovratovich, Dmitry and Pustogarov, Ivan},
  booktitle={Proceedings of the 2014 ACM SIGSAC Conference on Computer and Communications Security},
  pages={15--29},
  year={2014}
}

@article{zhou2021a2mm,
  title={{A2MM:} Mitigating Frontrunning, Transaction Reordering and Consensus Instability in Decentralized Exchanges},
  author={Zhou, Liyi and Qin, Kaihua and Gervais, Arthur},
  journal   = {CoRR},
  volume    = {abs/2106.07371},
  url       = {https://arxiv.org/abs/2106.07371},
  year={2021}
}

@article{feng2019survey,
  title={A survey on privacy protection in blockchain system},
  author={Feng, Qi and He, Debiao and Zeadally, Sherali and Khan, Muhammad Khurram and Kumar, Neeraj},
  journal={Journal of network and computer applications},
  volume={126},
  pages={45--58},
  year={2019},
  publisher={Elsevier}
}

@inproceedings{barbereau2023beyond,
  title={Beyond a Fistful of Tumblers: Toward a Taxonomy of Ethereum-based Mixers},
  author={BARBEREAU, Tom Josua and ERMOLAEV, Egor and BRENNECKE, Martin and HARTWICH, Eduard and SEDLMEIR, Johannes},
  booktitle={44th International Conference on Information Systems},
  year={2023},
  organization={AIS Library}
}


@article{arbabi2023mixing,
  title={Mixing Solutions in Bitcoin and Ethereum Ecosystems: A Review and Tutorial},
  author={Arbabi, Alireza and Shojaeinasab, Ardeshir and Bahrak, Behnam and Najjaran, Homayoun},
  journal={arXiv preprint arXiv:2310.04899},
  year={2023}
}

@article{dotan2023haze,
  title={Haze: A Compliant Privacy Mixer},
  author={Dotan, Maya and Lotem, Ayelet and Vald, Margarita},
  journal={Cryptology ePrint Archive},
  year={2023}
}

@inproceedings{kiayias2017ouroboros,
  title={Ouroboros: A provably secure proof-of-stake blockchain protocol},
  author={Kiayias, Aggelos and Russell, Alexander and David, Bernardo and Oliynykov, Roman},
  booktitle={Annual international cryptology conference},
  pages={357--388},
  year={2017},
  organization={Springer}
}

@inproceedings{lin2019evaluation,
  title={An evaluation of bitcoin address classification based on transaction history summarization},
  author={Lin, Yu-Jing and Wu, Po-Wei and Hsu, Cheng-Han and Tu, I-Ping and Liao, Shih-wei},
  booktitle={2019 IEEE International Conference on Blockchain and Cryptocurrency (ICBC)},
  pages={302--310},
  year={2019},
  organization={IEEE}
}

@article{liu2023bitcoin,
  title={Bitcoin Address Clustering Based on Change Address Improvement},
  author={Liu, Feng and Li, Zhihan and Jia, Kun and Xiang, Panwei and Zhou, Aimin and Qi, Jiayin and Li, Zhibin},
  journal={IEEE Transactions on Computational Social Systems},
  year={2023},
  publisher={IEEE}
}

@inproceedings{moser2022resurrecting,
  title={Resurrecting address clustering in Bitcoin},
  author={M{\"o}ser, Malte and Narayanan, Arvind},
  booktitle={International Conference on Financial Cryptography and Data Security},
  pages={386--403},
  year={2022},
  organization={Springer}
}


@article{alharby2017blockchain,
  title={Blockchain-based smart contracts: A systematic mapping study},
  author={Alharby, Maher and Van Moorsel, Aad},
  journal={arXiv preprint arXiv:1710.06372},
  year={2017}
}

@article{zheng2020identifying,
  title={Identifying the vulnerabilities of bitcoin anonymous mechanism based on address clustering},
  author={Zheng, Baokun and Zhu, Liehuang and Shen, Meng and Du, Xiaojiang and Guizani, Mohsen},
  journal={Science China Information Sciences},
  volume={63},
  pages={1--15},
  year={2020},
  publisher={Springer}
}

@inproceedings{kumar2017traceability,
  title={A traceability analysis of monero’s blockchain},
  author={Kumar, Amrit and Fischer, Cl{\'e}ment and Tople, Shruti and Saxena, Prateek},
  booktitle={Computer Security--ESORICS 2017: 22nd European Symposium on Research in Computer Security, Oslo, Norway, September 11-15, 2017, Proceedings, Part II 22},
  pages={153--173},
  year={2017},
  organization={Springer}
} 
@inproceedings{harrigan2016unreasonable,
  title={The unreasonable effectiveness of address clustering},
  author={Harrigan, Martin and Fretter, Christoph},
  booktitle={2016 intl ieee conferences on ubiquitous intelligence \& computing, advanced and trusted computing, scalable computing and communications, cloud and big data computing, internet of people, and smart world congress (uic/atc/scalcom/cbdcom/iop/smartworld)},
  pages={368--373},
  year={2016},
  organization={IEEE}
}
@inproceedings{koshy2014analysis,
  title={An analysis of anonymity in bitcoin using p2p network traffic},
  author={Koshy, Philip and Koshy, Diana and McDaniel, Patrick},
  booktitle={Financial Cryptography and Data Security: 18th International Conference, FC 2014, Christ Church, Barbados, March 3-7, 2014, Revised Selected Papers 18},
  pages={469--485},
  year={2014},
  organization={Springer}
}

@inproceedings{schwarz2022three,
  title={Three attacks on proof-of-stake ethereum},
  author={Schwarz-Schilling, Caspar and Neu, Joachim and Monnot, Barnab{\'e} and Asgaonkar, Aditya and Tas, Ertem Nusret and Tse, David},
  booktitle={International Conference on Financial Cryptography and Data Security},
  pages={560--576},
  year={2022},
  organization={Springer}
}

@inproceedings{eyal2016bitcoin,
  title={$\{$Bitcoin-NG$\}$: A scalable blockchain protocol},
  author={Eyal, Ittay and Gencer, Adem Efe and Sirer, Emin G{\"u}n and Van Renesse, Robbert},
  booktitle={13th USENIX symposium on networked systems design and implementation (NSDI 16)},
  pages={45--59},
  year={2016}
}

@inproceedings{zhang2019lay,
  title={Lay down the common metrics: Evaluating proof-of-work consensus protocols' security},
  author={Zhang, Ren and Preneel, Bart},
  booktitle={2019 IEEE Symposium on Security and Privacy (SP)},
  pages={175--192},
  year={2019},
  organization={IEEE}
}

@inproceedings{vijayakumaran2023analysis,
  title={Analysis of cryptonote transaction graphs using the dulmage-mendelsohn decomposition},
  author={Vijayakumaran, Saravanan},
  booktitle={5th Conference on Advances in Financial Technologies (AFT 2023)},
  year={2023},
  organization={Schloss Dagstuhl-Leibniz-Zentrum f{\"u}r Informatik}
}

@inproceedings{ghesmati2022user,
  title={User-perceived privacy in blockchain},
  author={Ghesmati, Simin and Fdhila, Walid and Weippl, Edgar},
  booktitle={International Conference on Financial Cryptography and Data Security},
  pages={164--194},
  year={2022},
  organization={Springer}
}

@misc{cirkovic2022cryptographic,
  title={Cryptographic Primitives for On-chain Tumbler Designs},
  author={Cirkovic, Marko and Cachin, Christian and Le, Duc V},
  year={2022},
   note={Available at: \url{https://crypto.unibe.ch/archive/theses/2022.bsc.marko.cirkovic.pdf}}
}

@misc{cryptoeprint:2023/1902,
      author = {François-Xavier Wicht and Zhipeng Wang and Duc V. Le and Christian Cachin},
      title = {A Transaction-Level Model for Blockchain Privacy},
      howpublished = {Cryptology ePrint Archive, Paper 2023/1902},
      year = {2023},
      note = {\url{https://eprint.iacr.org/2023/1902}},
      url = {https://eprint.iacr.org/2023/1902}
}

@article{xiong2023leverage,
  title={Leverage Staking with Liquid Staking Derivatives (LSDs): Opportunities and Risks},
  author={Xiong, Xihan and Wang, Zhipeng and Chen, Xi and Knottenbelt, William and Huth, Michael},
  journal={Cryptology ePrint Archive},
  year={2023}
}

@article{khalilov2018survey,
  title={A survey on anonymity and privacy in bitcoin-like digital cash systems},
  author={Khalilov, Merve Can Kus and Levi, Albert},
  journal={IEEE Communications Surveys \& Tutorials},
  volume={20},
  number={3},
  pages={2543--2585},
  year={2018},
  publisher={IEEE}
}

@article{davidian2017anti,
  title={Anti-money laundering laws for Bitcoin exchanges},
  author={Davidian, Raphael},
  journal={American Criminal Law Review},
  volume={36},
  pages={26--41},
  year={2017}
}

@article{dupuis2020money,
  title={Money laundering with cryptocurrency: open doors and the regulatory dialectic},
  author={Dupuis, Daniel and Gleason, Kimberly},
  journal={Journal of Financial Crime},
  volume={28},
  number={1},
  pages={60--74},
  year={2020},
  publisher={Emerald Publishing Limited}
}


@article{buterin2023blockchain,
  title={Blockchain privacy and regulatory compliance: Towards a practical equilibrium},
  author={Buterin, Vitalik and Illum, Jacob and Nadler, Matthias and Sch{\"a}r, Fabian and Soleimani, Ameen},
  journal={Available at SSRN},
  year={2023}
}

@article{chen2020survey,
  title={A survey on ethereum systems security: Vulnerabilities, attacks, and defenses},
  author={Chen, Huashan and Pendleton, Marcus and Njilla, Laurent and Xu, Shouhuai},
  journal={ACM Computing Surveys (CSUR)},
  volume={53},
  number={3},
  pages={1--43},
  year={2020},
  publisher={ACM New York, NY, USA}
}

@inproceedings{garay2017bitcoin,
  title={The bitcoin backbone protocol with chains of variable difficulty},
  author={Garay, Juan and Kiayias, Aggelos and Leonardos, Nikos},
  booktitle={Annual International Cryptology Conference},
  pages={291--323},
  year={2017},
  organization={Springer}
}

@article{saleh2021blockchain,
  title={Blockchain without waste: Proof-of-stake},
  author={Saleh, Fahad},
  journal={The Review of financial studies},
  volume={34},
  number={3},
  pages={1156--1190},
  year={2021},
  publisher={Oxford University Press}
}

@inproceedings{garay2015bitcoin,
  title={The bitcoin backbone protocol: Analysis and applications},
  author={Garay, Juan and Kiayias, Aggelos and Leonardos, Nikos},
  booktitle={Annual international conference on the theory and applications of cryptographic techniques},
  pages={281--310},
  year={2015},
  organization={Springer}
}

@article{wang2019blockchain,
  title={Blockchain-enabled smart contracts: architecture, applications, and future trends},
  author={Wang, Shuai and Ouyang, Liwei and Yuan, Yong and Ni, Xiaochun and Han, Xuan and Wang, Fei-Yue},
  journal={IEEE Transactions on Systems, Man, and Cybernetics: Systems},
  volume={49},
  number={11},
  pages={2266--2277},
  year={2019},
  publisher={IEEE}
}

@article{cong2019blockchain,
  title={Blockchain disruption and smart contracts},
  author={Cong, Lin William and He, Zhiguo},
  journal={The Review of Financial Studies},
  volume={32},
  number={5},
  pages={1754--1797},
  year={2019},
  publisher={Oxford University Press}
}

@inproceedings{torres2021frontrunner,
  title={Frontrunner jones and the raiders of the dark forest: An empirical study of frontrunning on the ethereum blockchain},
  author={Torres, Christof Ferreira and Camino, Ramiro and others},
  booktitle={30th USENIX Security Symposium (USENIX Security 21)},
  pages={1343--1359},
  year={2021}
}

@article{khan2021blockchain,
  title={Blockchain smart contracts: Applications, challenges, and future trends},
  author={Khan, Shafaq Naheed and Loukil, Faiza and Ghedira-Guegan, Chirine and Benkhelifa, Elhadj and Bani-Hani, Anoud},
  journal={Peer-to-peer Networking and Applications},
  volume={14},
  pages={2901--2925},
  year={2021},
  publisher={Springer}
}

@article{zetzsche2020decentralized,
  title={Decentralized finance (defi)},
  author={Zetzsche, Dirk A and Arner, Douglas W and Buckley, Ross P},
  journal={Journal of Financial Regulation},
  volume={6},
  pages={172--203},
  year={2020}
}

@inproceedings{almashaqbeh2022sok,
  title={SoK: privacy-preserving computing in the blockchain era},
  author={Almashaqbeh, Ghada and Solomon, Ravital},
  booktitle={2022 IEEE 7th European Symposium on Security and Privacy (EuroS\&P)},
  pages={124--139},
  year={2022},
  organization={IEEE}
}



@article{zhang2019security,
  title={Security and privacy on blockchain},
  author={Zhang, Rui and Xue, Rui and Liu, Ling},
  journal={ACM Computing Surveys (CSUR)},
  volume={52},
  number={3},
  pages={1--34},
  year={2019},
  publisher={ACM New York, NY, USA}
}

@inproceedings{qin2021cefi,
  title={CeFi vs. DeFi--Comparing Centralized to Decentralized Finance},
  author={Qin, Kaihua and Zhou, Liyi and Afonin, Yaroslav and Lazzaretti, Ludovico and Gervais, Arthur},
  booktitle={2021 Crypto Valley Conference on Blockchain Technology (CVCBT)},
  year={2021},
  organization={IEEE}
}

@article{tang2020privacy,
  title={Privacy-Utility Tradeoffs in Routing Cryptocurrency over Payment Channel Networks},
  author={Tang, Weizhao and Wang, Weina and Fanti, Giulia and Oh, Sewoong},
  journal={Proceedings of the ACM on Measurement and Analysis of Computing Systems},
  volume={4},
  number={2},
  pages={1--39},
  year={2020},
  publisher={ACM New York, NY, USA}
}

@inproceedings{qin2021empirical,
author = {Qin, Kaihua and Zhou, Liyi and Gamito, Pablo and Jovanovic, Philipp and Gervais, Arthur},
title = {An Empirical Study of DeFi Liquidations: Incentives, Risks, and Instabilities},
year = {2021},
publisher = {ACM},
booktitle = {Proceedings of the 21st ACM Internet Measurement Conference},
pages = {336–350},
address = {Virtual Event, USA}
}

@inproceedings{daian2019flash,
author = {Daian, Philip and Goldfeder, Steven and Kell, Tyler and Li, Yunqi and Zhao, Xueyuan and Bentov, Iddo and Breidenbach, Lorenz and Juels, Ari},
booktitle = {IEEE Symposium on Security and Privacy (SP)},
title = {{Flash Boys 2.0: Frontrunning, Transaction Reordering, and Consensus Instability in Decentralized Exchanges}},
year = {2020},
pages     = {910--927},
  publisher = {{IEEE}},
  address = {San Francisco, CA, USA}
}


@inproceedings{wang2022speculative,
  title={Speculative multipliers on defi: Quantifying on-chain leverage risks},
  author={Wang, Zhipeng and Qin, Kaihua and Minh, Duc Vu and Gervais, Arthur},
  booktitle={Financial Cryptography and Data Security: 26th International Conference, FC 2022, Grenada, May 2--6, 2022, Revised Selected Papers},
  pages={38--56},
  year={2022},
  organization={Springer},
  address = {Grenada},
  publisher={Springer}
}


@inproceedings{qin2021attacking,
  title     = {Attacking the DeFi Ecosystem with Flash Loans for Fun and Profit},
  author={Qin, Kaihua and Zhou, Liyi and Livshits, Benjamin and Gervais, Arthur},
  booktitle={International Conference on Financial Cryptography and Data Security},
  pages={3--32},
  year={2021},
  address = {Virtual Event},
  publisher={Springer}
}

@inproceedings{zhou2021high,
  title={High-Frequency Trading on Decentralized On-Chain Exchanges},
  author={Zhou, Liyi and Qin, Kaihua and Torres, Christof Ferreira and Le, Duc V and Gervais, Arthur},
  booktitle={2021 IEEE Symposium on Security and Privacy (SP)},
  pages={428--445},
  year={2021},
  publisher={IEEE},
  address = {San Francisco, CA, USA}
}

@article{diamond2020many,
  title={" Many-out-of-Many" Proofs with Applications to Anonymous Zether.},
  author={Diamond, Benjamin E},
  journal={IACR Cryptol. ePrint Arch.},
  volume={2020},
  pages={293},
  year={2020}
}

@article{chaum1981untraceable,
  title={Untraceable Electronic Mail, Return Addresses and Digital Pseudonyms},
  author={Chaum, David L},
  journal={Communications of the ACM},
  volume={24},
  number={2},
  pages={84--90},
  year={1981},
  publisher={ACM New York, NY, USA}
}

@misc{pbs_censorship_resistance,
      title = {{State of research: increasing censorship resistance of transactions under proposer/builder separation (PBS)}},
      author = {Vitalik Buterin},
      year = {2022},
      howpublished = {\url{https://notes.ethereum.org/@vbuterin/pbs_censorship_resistance}},
}

@misc{pbs_distributed_builders,
      title = {{Decentralizing the builder role}},
      author = {Vitalik Buterin},
      year = {2022},
      howpublished = {\url{https://hackmd.io/@vbuterin/distributed_builders#/}},
}

@misc{model-pool-centralization-mev,
      title = {{Model: Pool Centralization From MEV}},
      author = {Pmcgoohan},
      year = {2022},
      howpublished = {\url{https://ethresear.ch/t/model-pool-centralization-from-mev/13485}},
}



@misc{mev-boost,
      title = {{Mev Boost}},
      author = {Flashbots},
      year = {2022},
      howpublished = {\url{https://github.com/flashbots/mev-boost}},
}



@misc{aave-protocol,
      title = {{Aave Protocol}},
      author = {Aave},
      year = {2020},
      howpublished = {\url{https://github.com/aave/aave-protocol}},
}

@misc{debank,
      title = {{Debank}},
      author = {},
      year = {2021},
      howpublished = {\url{https://debank.com/}},
}

@misc{anyswap,
      title = {{Anyswap}},
      author = {},
      year = {2021},
      howpublished = {\url{https://anyswap.exchange/}},
}

@inproceedings{romiti2020cross,
  title     = {Cross-Layer Deanonymization Methods in the Lightning Protocol},
  author={Romiti, Matteo and Victor, Friedhelm and Moreno-Sanchez, Pedro and Nordholt, Peter Sebastian and Haslhofer, Bernhard and Maffei, Matteo},
  booktitle={International Conference on Financial Cryptography and Data Security},
  pages={187--204},
  year={2021},
  publisher={Springer},
  address = {Virtual Event}
}

@misc{typhoon,
  title={Typhoon.Cash},
  author={},
  year={},
  note={Available at: \url{https://typhoon.cash/}}
}



@misc{ens-app,
  title={Ethereum Name Service},
  author={},
  year={},
  note={Available at: \url{https://app.ens.domains/}}
}

@misc{ens-intro,
  title={Introduction to Ethereum Name Service},
  author={},
  year={},
  note={Available at: \url{https://docs.ens.domains/}}
}

@article{xia2021ethereum,
  title={Ethereum Name Service: the Good, the Bad, and the Ugly},
  author={Xia, Pengcheng and Wang, Haoyu and Yu, Zhou and Liu, Xinyu and Luo, Xiapu and Xu, Guoai},
  journal={arXiv preprint arXiv:2104.05185},
  year={2021}
}


@InProceedings{baum2023sok,
  author =	{Baum, Carsten and Chiang, James Hsin-yu and David, Bernardo and Frederiksen, Tore Kasper},
  title =	{{SoK: Privacy-Enhancing Technologies in Finance}},
  booktitle =	{5th Conference on Advances in Financial Technologies (AFT 2023)},
  pages =	{12:1--12:30},
  series =	{Leibniz International Proceedings in Informatics (LIPIcs)},
  ISBN =	{978-3-95977-303-4},
  ISSN =	{1868-8969},
  year =	{2023},
  volume =	{282}
}


@misc{typhoon-network,
  title={Typhoon.network},
  author={},
  year={},
  note={Available at: \url{https://app.typhoon.network/}}
}

@inproceedings{diamond2021many,
  title={Many-out-of-many proofs and applications to anonymous zether},
  author={Diamond, Benjamin E},
  booktitle={2021 IEEE Symposium on Security and Privacy (SP)},
  pages={1800--1817},
  year={2021},
  organization={IEEE}
}

@misc{Etherscan-Labels,
  title={Etherscan Labels},
  author={},
  year={},
  note={Available at: \url{https://etherscan.io/accounts/label/}}
}

@misc{rekt-news,
  title={Rekt News},
  author={},
  year={},
  note={Available at: \url{https://rekt.news/}}
}

@misc{slowmist,
  title={SlowMist},
  author={},
  year={},
  note={Available at: \url{https://hacked.slowmist.io/en/}}
}


@misc{Cryptosec,
  title={Cryptosec},
  author={},
  year={},
  note={Available at: \url{https://cryptosec.info/defi-hacks/}}
}

@misc{peckshield,
  title={Peckshield},
  author={},
  year={},
  note={Available at: \url{https://blog.peckshield.com/}}
}

@misc{cryptoscamdb,
  title={CryptoscamDB},
  author={},
  year={},
  note={Available at: \url{https://cryptoscamdb.org/scams}}
}

@misc{cyclone-bsc,
  title={Cyclone},
  author={},
  year={},
  note={Available at: \url{https://cyclone.xyz/bsc}}
}



@misc{Balancer_attack,
  title= {Balancer Pool with STA Deflationary Token Incident},
  author={1inch Network},
  year={},
  note={Available at: \url{https://blog.1inch.io/balancer-hack-2020-a8f7131c980e}}
}

@inproceedings{biryukov2019privacy,
  title={Privacy Aspects and Subliminal Channels in Zcash},
  author={Biryukov, Alex and Feher, Daniel and Vitto, Giuseppe},
  booktitle={Proceedings of the 2019 ACM SIGSAC Conference on Computer and Communications Security},
  pages={1813--1830},
  year={2019},
  address = {London, UK},
  publisher = {ACM}
}

@misc{Roll_attack,
  title= {Security Incident},
  author={Roll Team},
  year={},
  note={Available at: \url{https://tryroll.com/security-incident/}}
}

@misc{OUSD_hacker,
  title= {Urgent: OUSD Was Hacked and There Has Been a Loss of Funds},
  author={Matthew Liu},
  year={},
  note={Available at: {https://blog.originprotocol.com/urgent-ousd-has-hacked-and-there-has-been-a-loss-of-funds-7b8c4a7d534c}}
}

@misc{layer-2-rollups,
  title= {LAYER 2 ROLLUPS},
  year={},
  note={Available at: {https://ethereum.org/en/developers/docs/scaling/layer-2-rollups/}}
}



@inproceedings{wu2021towards,
  title={Towards Understanding and Demystifying Bitcoin Mixing Services},
  author={Wu, Lei and Hu, Yufeng and Zhou, Yajin and Wang, Haoyu and Luo, Xiapu and Wang, Zhi and Zhang, Fan and Ren, Kui},
  booktitle={Proceedings of the Web Conference 2021},
  pages={33--44},
  year={2021},
  address = {Virtual Event / Ljubljana, Slovenia},
  publisher = {{ACM} / {IW3C2}}
}

@inproceedings{pakki2021everything,
  title={Everything You Ever Wanted to Know About Bitcoin Mixers (But Were Afraid to Ask)},
  author    = {Jaswant Pakki and
               Yan Shoshitaishvili and
               Ruoyu Wang and
               Tiffany Bao and
               Adam Doup{\'{e}}},
  booktitle={International Conference on Financial Cryptography and Data Security},
  pages={117--146},
  publisher = {Springer},
  year      = {2021},
  address = {Virtual Event}
}


@misc{COMPOUNDER_FINANCE,
  title= {COMPOUNDER FINANCE - REKT},
  author={},
  year={},
  note={Available at: \url{https://www.rekt.news/deathbed-confessions-c3pr/}}
}


@misc{Value_DeFi_attacker,
  title= {The whole story of Value DeFi being hacked: a "god-level" operation based on AMM price oracle?},
  author={},
  year={},
  note={Available at: \url{https://www.codetd.com/en/article/12104705}}
}



@misc{PAID_Network_attacker,
  title= {PAID Network contract hack — deep dive},
  author={CryptoShine},
  year={},
  note={Available at: \url{https://cryptoshine.medium.com/paid-contract-hack-deep-dive-4dd89e1414f5}}
}

@misc{Tornado-Fund-Launch,
  title={Decentralizing TornadoCash: The Launch of Tornado Fund and the Path Towards TornadoDAO},
  author={Tornado.Fund},
  year={},
  note={Available at: \url{https://medium.com/@Tornado_Fund}}
}

@misc{arbitrum,
  title={Arbitrum},
  author={},
  year={2021},
  note={Available at: \url{https://bridge.arbitrum.io/}}
}

@misc{uniswap,
  title={Uniswap},
  author={},
  year={2022},
  note={Available at: \url{https://uniswap.org/}}
}

@misc{uniswap-Address-Screening-Guide,
  title={Address Screening Guide},
  author={Uniswap},
  year={2022},
  note={Available at: \url{https://support.uniswap.org/hc/en-us/articles/8671777747597-Address-Screening-Guide}}
}

@misc{dydx-tornado-outage,
  title={Tornado Outage},
  author={dYdX},
  year={2022},
  note={Available at: \url{https://dydx.exchange/blog/tornado-outage}}
}


@misc{dydx,
  title={dYdX},
  author={},
  year={2022},
  note={Available at: \url{https://dydx.exchange/}}
}

@misc{aave,
  title={Aave},
  author={},
  year={2022},
  note={Available at: \url{https://aave.com/}}
}

@misc{circle,
  title={Circle},
  author={},
  year={2022},
  note={Available at: \url{https://www.circle.com/en/}}
}

@misc{oasis-blocked,
  title={Why Some Addresses Were Blocked For Few Hours On Oasis.app On August 11th},
  author={Oasis},
  year={2022},
  note={Available at: \url{https://blog.oasis.app/}}
}

@misc{oasis.app,
  title={Oasis.app},
  author={},
  year={2022},
  note={Available at: \url{https://oasis.app/}}
}

@misc{chainalysis-tc-sanctions-challenges,
  title={Understanding Tornado Cash, Its Sanctions Implications, and Key Compliance Questions},
  author={Chainalysis},
  year={2022},
  note={Available at: \url{https://blog.chainalysis.com/reports/tornado-cash-sanctions-challenges/}}
}

@misc{ethereum-builder-specs,
  title={Ethereum Builder API Specification},
  author={Ethereum},
  year={2022},
  note={Available at: \url{https://github.com/ethereum/builder-specs}}
}


@misc{US-Treasury-Sanctions,
  title={U.S. Treasury Sanctions Notorious Virtual Currency Mixer Tornado Cash},
  author={U.S. DEPARTMENT OF THE TREASURY},
  year={2022},
  note={Available at: \url{https://home.treasury.gov/news/press-releases/jy0916}}
}

@misc{Cyber-related-Sanctions,
  title={Cyber-related Sanctions},
  author={U.S. DEPARTMENT OF THE TREASURY},
  year={2022},
  note={Available at: \url{https://home.treasury.gov/taxonomy/term/1546}}
}

@misc{aave-address-screening,
  title={Address Screening},
  author={Aave},
  year={2022},
  note={Available at: \url{https://docs.aave.com/faq/#address-screening}}
}

@misc{flashbots-block-validation-geth,
  title={Block validation API},
  author={Flashbots},
  year={2022},
  note={Available at: \url{https://github.com/flashbots/block-validation-geth}}
}

@misc{analysis-sanctionable-entity,
  title={Analysis: What is and what is not a sanctionable entity in the Tornado Cash case},
  author={Jerry, Brito and Peter, Van Valkenburgh},
  year={2022},
  note={Available at: https://www.coincenter.org/analysis-what-is-and-what-is-not-a-sanctionable-entity-in-the-tornado-cash-case/}
}


@misc{Letter-to-Treasury-Secretary,
  title={Letter to Treasury Secretary Yellen regarding the unprecedented sanctioning of Tornado Cash},
  author={Tom, Emmer},
  year={2022},
  note={Available at: \url{https://twitter.com/RepTomEmmer/status/1562084891247902721}}
}

@misc{u-s-congressman-tom-emmer-questions,
  title={U.S. Congressman Tom Emmer Questions Tornado Cash Sanctions},
  author={Anthonia Isichei},
  year={2022},
  note={Available at: \url{https://crypto.news/u-s-congressman-tom-emmer-questions-tornado-cash-sanctions/}}
}


@misc{starkware,
  title={Starkware},
  author={},
  year={2021},
  note={Available at: \url{https://medium.com/starkware}}
}


@misc{ourblender,
  title={Blender},
  author={},
  year={2020},
  note={Available at: \url{https://ourblender.github.io/}}
}


@misc{TornadoCashGovernanceProposal,
  title={Tornado Cash Governance Proposal},
  author={Tornado.Cash},
  year={2020},
  note={Available at: \url{https://tornado-cash.medium.com/tornado-cash-governance-proposal-a55c5c7d0703}}
}

@misc{tnRelayers,
  title={Typhoon Network -- Apply as Relayer},
  author={TyphoonNetwork},
  year={2021},
  note={Available at: \url{https://docs.typhoon.network/relayers/apply-as-relayer}}
}

@inproceedings{yousaf2019tracing,
  title     = {Tracing Transactions Across Cryptocurrency Ledgers},
  author={Yousaf, Haaroon and Kappos, George and Meiklejohn, Sarah},
  booktitle={28th USENIX Security Symposium (USENIX Security 19)},
  pages={837--850},
  publisher = {{USENIX} Association},
  address = {Santa Clara, CA, USA},
  year={2019}
}

@inproceedings{atzei2017survey,
  title={A survey of attacks on ethereum smart contracts (sok)},
  author={Atzei, Nicola and Bartoletti, Massimo and Cimoli, Tiziana},
  booktitle={International conference on principles of security and trust},
  pages={164--186},
  year={2017},
  organization={Springer}
}
@inproceedings{bonneau2015sok,
  title={Sok: Research perspectives and challenges for bitcoin and cryptocurrencies},
  author={Bonneau, Joseph and Miller, Andrew and Clark, Jeremy and Narayanan, Arvind and Kroll, Joshua A and Felten, Edward W},
  booktitle={2015 IEEE symposium on security and privacy},
  pages={104--121},
  year={2015},
  organization={IEEE}
}
@article{mikolov2013efficient,
  title={Efficient estimation of word representations in vector space},
  author={Mikolov, Tomas and Chen, Kai and Corrado, Greg and Dean, Jeffrey},
  journal={arXiv preprint arXiv:1301.3781},
  year={2013}
}
@inproceedings{victor2020address,
  title={Address Clustering Heuristics for Ethereum},
  author={Victor, Friedhelm},
  booktitle={International Conference on Financial Cryptography and Data Security},
  pages={617--633},
  year={2020},
  address = {Kota Kinabalu, Malaysia},
  publisher={Springer}
}
@phdthesis{pakki2020everything,
  title={Everything You Ever Wanted to Know About Bitcoin Mixers (But Were Afraid to Ask)},
  author={Pakki, Jaswant},
  year={2020},
  school={Arizona State University}
}

@misc{hopper,
  title={Hopper},
  author={},
  year={},
  note={Available at: \url{https://hoppereth.org/}}
}

@misc{miximus,
  title={Miximus},
  author={barryWhiteHat},
  year={2018},
  note={Available at: \url{https://github.com/barryWhiteHat/miximus}}
}

@misc{MicroMix,
  title={MicroMix: A noncustodial Ethereum mixer based on zero-knowledge signalling},
  author={Barry, WhiteHat and Kobi, Gurkanand Koh Wei, Jie},
  year={},
  note={Available at: \url{https://hackmd.io/qlKORn5MSOes1WtsEznu_g}}
}

@inproceedings{kappos2018empirical,
  author    = {George Kappos and
               Haaroon Yousaf and
               Mary Maller and
               Sarah Meiklejohn},
  title     = {An Empirical Analysis of Anonymity in Zcash},
  booktitle = {27th {USENIX} Security Symposium, {USENIX} Security},
  address = {Baltimore, MD, USA},
  pages     = {463--477},
  publisher = {{USENIX} Association},
  year      = {2018},
}

@article{beres2020blockchain,
  title={Blockchain is Watching You: Profiling and Deanonymizing Ethereum Users},
  author={B{\'e}res, Ferenc and Seres, Istv{\'a}n Andr{\'a}s and Bencz{\'u}r, Andr{\'a}s A and Quintyne-Collins, Mikerah},
  journal={arXiv preprint arXiv:2005.14051},
  year={2020}
}
@misc{Howto,
  title={How to stay anonymous with Tornado.cash and similar solutions},
  author={},
  year={},
  note={Available at: \url{https://medium.com/@tornado.cash/how-to-stay-anonymous-with-tornado-cash-and-similar-solutions-efdecdbd7d37}}
}

@misc{Dune_Analytics,
  title={Dune Analytics of Tornado.cash.},
  author={},
  year={},
  note={Available at: \url{https://explore.duneanalytics.com/public/dashboards/UEU02CHiGtNw9crfeD6OJ7bKPnvFtNjOgZ7Vc6uj}}
}
@article{akcora2020not,
  title={How to Not Get Caught When You Launder Money on Blockchain?},
  author={Akcora, Cuneyt G and Purusotham, Sudhanva and Gel, Yulia R and Krawiec-Thayer, Mitchell and Kantarcioglu, Murat},
  journal={arXiv preprint arXiv:2010.15082},
  year={2020}
}

@article{bernabe2019privacy,
  title={Privacy-preserving solutions for blockchain: Review and challenges},
  author={Bernabe, Jorge Bernal and Canovas, Jose Luis and Hernandez-Ramos, Jose L and Moreno, Rafael Torres and Skarmeta, Antonio},
  journal={IEEE Access},
  volume={7},
  pages={164908--164940},
  year={2019},
  publisher={IEEE}
}

@inproceedings{mingxiao2017review,
  title={A review on consensus algorithm of blockchain},
  author={Mingxiao, Du and Xiaofeng, Ma and Zhe, Zhang and Xiangwei, Wang and Qijun, Chen},
  booktitle={2017 IEEE international conference on systems, man, and cybernetics (SMC)},
  pages={2567--2572},
  year={2017},
  organization={IEEE}
}

@article{brophy2020blockchain,
  title={Blockchain and insurance: a review for operations and regulation},
  author={Brophy, Richard},
  journal={Journal of financial regulation and compliance},
  volume={28},
  number={2},
  pages={215--234},
  year={2020},
  publisher={Emerald Publishing Limited}
}

@misc{pertsev2019tornado,
  title={Tornado Cash Privacy Solution Version 1.4},
  author={Pertsev, Alexey and Semenov, Roman and Storm, Roman},
  year={2019},
  note = {\url{https://berkeley-defi.github.io/assets/material/Tornado\%20Cash\%20Whitepaper.pdf}}
}

@article{jafar2021blockchain,
  title={Blockchain for electronic voting system—review and open research challenges},
  author={Jafar, Uzma and Aziz, Mohd Juzaiddin Ab and Shukur, Zarina},
  journal={Sensors},
  volume={21},
  number={17},
  pages={5874},
  year={2021},
  publisher={MDPI}
}

@article{huang2021application,
  title={The application of the blockchain technology in voting systems: A review},
  author={Huang, Jun and He, Debiao and Obaidat, Mohammad S and Vijayakumar, Pandi and Luo, Min and Choo, Kim-Kwang Raymond},
  journal={ACM Computing Surveys (CSUR)},
  volume={54},
  number={3},
  pages={1--28},
  year={2021},
  publisher={ACM New York, NY, USA}
}

@article{cole2019blockchain,
  title={Blockchain technology: implications for operations and supply chain management},
  author={Cole, Rosanna and Stevenson, Mark and Aitken, James},
  journal={Supply Chain Management: An International Journal},
  volume={24},
  number={4},
  pages={469--483},
  year={2019},
  publisher={Emerald Publishing Limited}
}

@article{zheng2020overview,
  title={An overview on smart contracts: Challenges, advances and platforms},
  author={Zheng, Zibin and Xie, Shaoan and Dai, Hong-Ning and Chen, Weili and Chen, Xiangping and Weng, Jian and Imran, Muhammad},
  journal={Future Generation Computer Systems},
  volume={105},
  pages={475--491},
  year={2020},
  publisher={Elsevier}
}

@book{swan2015blockchain,
  title={Blockchain: Blueprint for a new economy},
  author={Swan, Melanie},
  year={2015},
  publisher={" O'Reilly Media, Inc."}
}

@article{zheng2018blockchain,
  title={Blockchain challenges and opportunities: A survey},
  author={Zheng, Zibin and Xie, Shaoan and Dai, Hong-Ning and Chen, Xiangping and Wang, Huaimin},
  journal={International journal of web and grid services},
  volume={14},
  number={4},
  pages={352--375},
  year={2018},
  publisher={Inderscience Publishers (IEL)}
}

@article{andoni2019blockchain,
  title={Blockchain technology in the energy sector: A systematic review of challenges and opportunities},
  author={Andoni, Merlinda and Robu, Valentin and Flynn, David and Abram, Simone and Geach, Dale and Jenkins, David and McCallum, Peter and Peacock, Andrew},
  journal={Renewable and sustainable energy reviews},
  volume={100},
  pages={143--174},
  year={2019},
  publisher={Elsevier}
}

@article{fernandez2018review,
  title={A Review on the Use of Blockchain for the Internet of Things},
  author={Fern{\'a}ndez-Caram{\'e}s, Tiago M and Fraga-Lamas, Paula},
  journal={IEEE Access},
  volume={6},
  pages={32979--33001},
  year={2018},
  publisher={IEEE}
}

@inproceedings{agbo2019blockchain,
  title={Blockchain technology in healthcare: a systematic review},
  author={Agbo, Cornelius C and Mahmoud, Qusay H and Eklund, J Mikael},
  booktitle={Healthcare},
  volume={7},
  number={2},
  pages={56},
  year={2019},
  organization={MDPI}
}

@inproceedings{choi2023sok,
  title={SoK: Distributed Randomness Beacons},
  author={Choi, Kevin and Manoj, Aathira and Bonneau, Joseph},
  booktitle={2023 IEEE Symposium on Security and Privacy (SP)},
  pages={75--92},
  year={2023},
  organization={IEEE Computer Society}
}

@article{fu2021survey,
  title={A survey of Blockchain consensus algorithms: mechanism, design and applications},
  author={Fu, Xiang and Wang, Huaimin and Shi, Peichang},
  journal={Science China Information Sciences},
  volume={64},
  pages={1--15},
  year={2021},
  publisher={Springer}
}

@article{deuber2022sok,
  title={Sok: Assumptions underlying cryptocurrency deanonymizations},
  author={Deuber, Dominic and Ronge, Viktoria and R{\"u}ckert, Christian},
  journal={Proceedings on Privacy Enhancing Technologies},
  volume={3},
  pages={670--691},
  year={2022}
}

@article{joshi2018survey,
  title={A survey on security and privacy issues of blockchain technology.},
  author={Joshi, Archana Prashanth and Han, Meng and Wang, Yan},
  journal={Mathematical foundations of computing},
  volume={1},
  number={2},
  year={2018}
}

@inproceedings{le2020amr,
  title={AMR: Autonomous Coin Mixer with Privacy Preserving Reward Distribution},
  author    = {Duc Viet Le and
               Arthur Gervais},
  booktitle = {{AFT} '21: 3rd {ACM} Conference on Advances in Financial Technologies},
  pages     = {142--155},
  publisher = {{ACM}},
  year      = {2021},
  address = {Arlington, Virginia, USA}
}
@misc{Tornadocashimplementation.,
  title={Tornado cash implementation.},
  author={},
  year={},
  note={Available at: \url{https://github.com/tornadocash/tornado-core}}
}

@inproceedings{baldimtsi2017accumulators,
  title={Accumulators with applications to anonymity-preserving revocation},
  author={Baldimtsi, Foteini and Camenisch, Jan and Dubovitskaya, Maria and Lysyanskaya, Anna and Reyzin, Leonid and Samelin, Kai and Yakoubov, Sophia},
  booktitle={2017 IEEE European Symposium on Security and Privacy (EuroS\&P)},
  pages={301--315},
  year={2017},
  organization={IEEE}
}

@misc{Tornadocash,
  title={Tornado cash},
  author={Tornado.Cash},
  year={2019},
  note={Available at: \url{https://tornadocash-ipfs.com/}}
}

@misc{secret-network,
  title={Secret Network},
  author={},
  year={},
  note={Available at: \url{https://scrt.network/}}
}

@misc{secret-bridge,
  title={Secret Network Ethereum Bridge},
  author={},
  year={},
  note={Available at: \url{https://scrt.network/blog/secret-ethereum-bridge-is-live-on-mainnet}}
}

@misc{haven-protocol,
  title={Haven Protocol},
  author={},
  year={},
  note={Available at: \url{https://havenprotocol.org/}}
}

@misc{panther-protocol,
  title={Panther Protocol},
  author={},
  year={},
  note={Available at: \url{https://www.pantherprotocol.io/}}
}

@misc{railgun-protocol,
  title={Railgun Protocol},
  author={},
  year={},
  note={Available at: \url{https://www.railgun.org/}}
}

@article{shlomovits2019sharelock,
  title={ShareLock: Mixing for Cryptocurrencies from Multiparty ECDSA.},
  author={Shlomovits, Omer and Seres, Istv{\'a}n Andr{\'a}s},
  journal={IACR Cryptol. ePrint Arch.},
  volume={2019},
  pages={563},
  year={2019}
}
@inproceedings{seres2019mixeth,
  title={Mixeth: efficient, trustless coin mixing service for ethereum},
  author={Seres, Istv{\'a}n Andr{\'a}s and Nagy, D{\'a}niel A and Buckland, Chris and Burcsi, P{\'e}ter},
  booktitle={International Conference on Blockchain Economics, Security and Protocols (Tokenomics 2019)},
  year={2019},
  organization={Schloss Dagstuhl-Leibniz-Zentrum fuer Informatik}
}
@inproceedings{poelstra2018confidential,
  title={Confidential assets},
  author={Poelstra, Andrew and Back, Adam and Friedenbach, Mark and Maxwell, Gregory and Wuille, Pieter},
  booktitle={International Conference on Financial Cryptography and Data Security},
  pages={43--63},
  year={2018},
  organization={Springer}
}
@inproceedings{camenisch2001efficient,
  title={An efficient system for non-transferable anonymous credentials with optional anonymity revocation},
  author={Camenisch, Jan and Lysyanskaya, Anna},
  booktitle={International conference on the theory and applications of cryptographic techniques},
  pages={93--118},
  year={2001},
  organization={Springer}
}
@inproceedings{miers2013zerocoin,
  author    = {Ian Miers and
               Christina Garman and
               Matthew Green and
               Aviel D. Rubin},
  title     = {Zerocoin: Anonymous Distributed E-Cash from Bitcoin},
  booktitle={2013 IEEE Symposium on Security and Privacy},
  pages={397--411},
  year={2013},
  publisher = {{IEEE} Computer Society},
  address = {Berkeley, CA, USA}
}

@article{goldreich1994definitions,
  title={Definitions and properties of zero-knowledge proof systems},
  author={Goldreich, Oded and Oren, Yair},
  journal={Journal of Cryptology},
  volume={7},
  number={1},
  pages={1--32},
  year={1994},
  publisher={Springer}
}

@article{peng2021privacy,
  title={Privacy preservation in permissionless blockchain: A survey},
  author={Peng, Li and Feng, Wei and Yan, Zheng and Li, Yafeng and Zhou, Xiaokang and Shimizu, Shohei},
  journal={Digital Communications and Networks},
  volume={7},
  number={3},
  pages={295--307},
  year={2021},
  publisher={Elsevier}
}

@incollection{goldwasser2019knowledge,
  title={The knowledge complexity of interactive proof-systems},
  author={Goldwasser, Shafi and Micali, Silvio and Rackoff, Chales},
  booktitle={Providing sound foundations for cryptography: On the work of shafi goldwasser and silvio micali},
  pages={203--225},
  year={2019}
}

@inproceedings{bunz2018bulletproofs,
  title={Bulletproofs: Short proofs for confidential transactions and more},
  author={B{\"u}nz, Benedikt and Bootle, Jonathan and Boneh, Dan and Poelstra, Andrew and Wuille, Pieter and Maxwell, Greg},
  booktitle={2018 IEEE Symposium on Security and Privacy (SP)},
  pages={315--334},
  year={2018},
  organization={IEEE}
}
@article{jivanyan2019lelantus,
  title={Lelantus: Towards Confidentiality and Anonymity of Blockchain Transactions from Standard Assumptions.},
  author={Jivanyan, Aram},
  journal={IACR Cryptol. ePrint Arch.},
  volume={2019},
  pages={373},
  year={2019}
}
@article{ye2020alt,
  title={Alt-Coin Traceability.},
  author={Ye, Claire and Ojukwu, Chinedu and Hsu, Anthony and Hu, Ruiqi},
  journal={IACR Cryptol. ePrint Arch.},
  volume={2020},
  pages={593},
  year={2020}
}

@inproceedings{CCS-2019-tesseract,
  title={Tesseract: Real-time cryptocurrency exchange using trusted hardware},
  author={Bentov, Iddo and Ji, Yan and Zhang, Fan and Breidenbach, Lorenz and Daian, Philip and Juels, Ari},
  booktitle={Proceedings of the 2019 ACM SIGSAC Conference on Computer and Communications Security},
  pages={1521--1538},
  year={2019}
}

@inproceedings{Inscrypt-2018-evaluating,
  title={Evaluating cryptonote-style blockchains},
  author={Han, Runchao and Yu, Jiangshan and Liu, Joseph and Zhang, Peng},
  booktitle={International Conference on Information Security and Cryptology},
  pages={29--48},
  year={2018},
  organization={Springer}
}

@misc{Aeon,
  title={Aeon},
  author={},
  year={},
  note={Available at: \url{https://www.aeon.cash/}}
}

@misc{DigitalNote,
  title={DigitalNote},
  author={},
  year={},
  note={Available at: \url{https://bytecoin.org/}}
}

@misc{Bytecoin,
  title={Bytecoin},
  author={},
  year={},
  note={Available at: \url{https://bytecoin.org/}}
}


@article{noether2014review,
  title={Review of CryptoNote white paper},
  author={Noether, Surae},
  journal={HYPERLINK" http://monero. cc/downloads/whitepaper\_review. pdf" http://monero. cc/downloads/whitepaper\_review. pdf},
  year={2014}
}
@inproceedings{cramer1994proofs,
  title={Proofs of partial knowledge and simplified design of witness hiding protocols},
  author={Cramer, Ronald and Damg{\aa}rd, Ivan and Schoenmakers, Berry},
  booktitle={Annual International Cryptology Conference},
  pages={174--187},
  year={1994},
  organization={Springer}
}
@inproceedings{xu2020privateex,
  title={PrivateEx: privacy preserving exchange of crypto-assets on blockchain},
  author={Xu, Lei and Chen, Lin and Gao, Zhimin and Kasichainula, Keshav and Fernandez, Miguel and Carbunar, Bogdan and Shi, Weidong},
  booktitle={Proceedings of the 35th Annual ACM Symposium on Applied Computing},
  pages={316--323},
  year={2020}
}

@inproceedings{tairi2019a2l,
  title={A2L: Anonymous Atomic Locks for Scalability in Payment Channel Hubs},
  author={Tairi, Erkan and Moreno-Sanchez, Pedro and Maffei, Matteo},
  booktitle={2021 IEEE Symposium on Security and Privacy (SP)},
  pages={1834--1851},
  year={2021},
  address = {San Francisco, CA, USA},
  publisher={IEEE}
}

@article{tramer2020remote,
  title={Remote Side-Channel Attacks on Anonymous Transactions},
  author={Tram{\`e}r, Florian and Boneh, Dan and Paterson, Kenneth G},
  year={2020},
  note = {\url{https://crypto.stanford.edu/timings/paper.pdf}}
}


@misc{biryukov2018deanonymization,
  title={Deanonymization of hidden transactions in zcash},
  author={Biryukov, Alex and Feher, Daniel},
  year={2018},
  note = {\url{https://www.cryptolux.org/images/d/d9/Zcash.pdf}},
}

@inproceedings{lai2019omniring,
  title={Omniring: Scaling Private Payments Without Trusted Setup},
  author={Lai, Russell WF and Ronge, Viktoria and Ruffing, Tim and Schr{\"o}der, Dominique and Thyagarajan, Sri Aravinda Krishnan and Wang, Jiafan},
  booktitle={Proceedings of the 2019 ACM SIGSAC Conference on Computer and Communications Security},
  pages={31--48},
  year={2019}
}
@misc{Alt-Coin-Traceability,
    author = {Claire, Ye and Chinedu, Ojukwu and Anthon,y Hsu and Ruiqi, Hu},
    title = {Alt-Coin Traceability},
    howpublished = {Cryptology ePrint Archive, Report 2020/593},
    year = {2020},
    note = {\url{https://eprint.iacr.org/2020/593}},
}

@inproceedings{biryukov2019deanonymization,
  title={Deanonymization and linkability of cryptocurrency transactions based on network analysis},
  author={Biryukov, Alex and Tikhomirov, Sergei},
  booktitle={2019 IEEE European Symposium on Security and Privacy (EuroS\&P)},
  pages={172--184},
  year={2019},
  organization={IEEE}
}

@inproceedings{heilman2017tumblebit,
  title={Tumblebit: An Untrusted Bitcoin-Compatible Anonymous Payment Hub},
  author={Heilman, Ethan and Alshenibr, Leen and Baldimtsi, Foteini and Scafuro, Alessandra and Goldberg, Sharon},
  booktitle={Network and Distributed System Security Symposium},
  publisher = {The Internet Society},
  year      = {2017},
  address = {San Diego, California, USA}
}

@article{moreno2016listening,
  title={Listening to whispers of ripple: Linking wallets and deanonymizing transactions in the ripple network},
  author={Moreno-Sanchez, Pedro and Zafar, Muhammad Bilal and Kate, Aniket},
  journal={Proceedings on Privacy Enhancing Technologies},
  volume={2016},
  number={4},
  pages={436--453},
  year={2016},
  publisher={Sciendo}
}
@inproceedings{ziegeldorf2015coinparty,
  title={Coinparty: Secure multi-party mixing of bitcoins},
  author={Ziegeldorf, Jan Henrik and Grossmann, Fred and Henze, Martin and Inden, Nicolas and Wehrle, Klaus},
  booktitle={Proceedings of the 5th ACM Conference on Data and Application Security and Privacy},
  pages={75--86},
  year={2015}
}
@misc{teutsch2018truebit,
  title={Truebit: a scalable verification solution for blockchains},
  author={Teutsch, Jason and Reitwie{\ss}ner, Christian},
  year={2018}
}
@inproceedings{kalodner2018arbitrum,
  title={Arbitrum: Scalable, private smart contracts},
  author={Kalodner, Harry and Goldfeder, Steven and Chen, Xiaoqi and Weinberg, S Matthew and Felten, Edward W},
  booktitle={27th $\{$USENIX$\}$ Security Symposium ($\{$USENIX$\}$ Security 18)},
  pages={1353--1370},
  year={2018}
}
@inproceedings{cheng2019ekiden,
  title={Ekiden: A platform for confidentiality-preserving, trustworthy, and performant smart contracts},
  author={Cheng, Raymond and Zhang, Fan and Kos, Jernej and He, Warren and Hynes, Nicholas and Johnson, Noah and Juels, Ari and Miller, Andrew and Song, Dawn},
  booktitle={2019 IEEE European Symposium on Security and Privacy (EuroS\&P)},
  pages={185--200},
  year={2019},
  organization={IEEE}
}
@inproceedings{kosba2016hawk,
  title={Hawk: The blockchain model of cryptography and privacy-preserving smart contracts},
  author={Kosba, Ahmed and Miller, Andrew and Shi, Elaine and Wen, Zikai and Papamanthou, Charalampos},
  booktitle={2016 IEEE symposium on security and privacy (SP)},
  pages={839--858},
  year={2016},
  organization={IEEE}
}
@inproceedings{ermilov2017automatic,
  title={Automatic bitcoin address clustering},
  author={Ermilov, Dmitry and Panov, Maxim and Yanovich, Yury},
  booktitle={2017 16th IEEE International Conference on Machine Learning and Applications (ICMLA)},
  pages={461--466},
  year={2017},
  organization={IEEE}
}
@inproceedings{ron2013quantitative,
  title={Quantitative analysis of the full bitcoin transaction graph},
  author={Ron, Dorit and Shamir, Adi},
  booktitle={International Conference on Financial Cryptography and Data Security},
  pages={6--24},
  year={2013},
  organization={Springer}
}
@incollection{reid2013analysis,
  title={An analysis of anonymity in the bitcoin system},
  author={Reid, Fergal and Harrigan, Martin},
  booktitle={Security and privacy in social networks},
  pages={197--223},
  year={2013},
  publisher={Springer}
}
@inproceedings{meiklejohn2013fistful,
  title={A fistful of bitcoins: characterizing payments among men with no names},
  author={Meiklejohn, Sarah and Pomarole, Marjori and Jordan, Grant and Levchenko, Kirill and McCoy, Damon and Voelker, Geoffrey M and Savage, Stefan},
  booktitle={Proceedings of the 2013 conference on Internet measurement conference},
  pages={127--140},
  year={2013}
}
@inproceedings{androulaki2013evaluating,
  title={Evaluating User Privacy in Bitcoin},
  author={Androulaki, Elli and Karame, Ghassan O and Roeschlin, Marc and Scherer, Tobias and Capkun, Srdjan},
  booktitle={International Conference on Financial Cryptography and Data Security},
  pages={34--51},
  year={2013},
  organization={Springer},
  address= {Berlin, Heidelberg},
  publisher={Springer Science \& Business Media}
}
@inproceedings{spagnuolo2014bitiodine,
  title={Bitiodine: Extracting intelligence from the bitcoin network},
  author={Spagnuolo, Michele and Maggi, Federico and Zanero, Stefano},
  booktitle={International Conference on Financial Cryptography and Data Security},
  pages={457--468},
  year={2014},
  organization={Springer},
  publisher={Springer Science \& Business Media}
}
@inproceedings{bissias2014Xim,
  title={Sybil-Resistant Mixing for Bitcoin},
  author={Bissias, George and Ozisik, A Pinar and Levine, Brian N and Liberatore, Marc},
  booktitle={Proceedings of the 13th Workshop on Privacy in the Electronic Society},
  pages={149--158},
  year={2014},
  address = {Scottsdale, AZ, USA},
  publisher = {{ACM}}
}
@inproceedings{tran2018obscuro,
  title={Obscuro: A bitcoin mixer using trusted execution environments},
  author={Tran, Muoi and Luu, Loi and Kang, Min Suk and Bentov, Iddo and Saxena, Prateek},
  booktitle={Proceedings of the 34th Annual Computer Security Applications Conference},
  pages={692--701},
  year={2018}
}
@inproceedings{ruffing2017valueshuffle,
  title={Valueshuffle: Mixing confidential transactions for comprehensive transaction privacy in bitcoin},
  author={Ruffing, Tim and Moreno-Sanchez, Pedro},
  booktitle={International Conference on Financial Cryptography and Data Security},
  pages={133--154},
  year={2017},
  organization={Springer}
}
@article{meiklejohn2018mobius,
  title={M{\"o}bius: Trustless Tumbling for Transaction Privacy},
  author={Meiklejohn, Sarah and Mercer, Rebekah},
  journal={Proceedings on Privacy Enhancing Technologies},
  volume={2018},
  number={2},
  pages={105--121},
  year={2018},
  publisher={Sciendo}
}

@inproceedings{ruffing2014coinshuffle,
  title     = {CoinShuffle: Practical Decentralized Coin Mixing for Bitcoin},
  author={Ruffing, Tim and Moreno-Sanchez, Pedro and Kate, Aniket},
  booktitle={European Symposium on Research in Computer Security},
  pages={345--364},
  year={2014},
  publisher={Springer},
  address = {Wroclaw, Poland}
}
@misc{Mixicles,
  title={Mixicles: Simple Private Decentralized Finance},
  author={Ari, Juels and Lorenz, Breidenbach and Alex, Coventry and Sergey, Nazarov and Steve, Ellis and Brendan, Magauran},
  year={2019},
  note={Available at: \url{https://chain.link/mixicles.pdf}}
}
@misc{AZTEC,
  title={AZTEC},
  author={},
  year={},
  note={Available at: \url{https://docs.aztecprotocol.com/}}
}
@misc{CryptoMixer,
  title={CryptoMixer},
  author={},
  year={},
  note={Available at: \url{https://cryptomixer.io/}}
}
@misc{Bitcoin-Blender,
  title={Bitcoin Blender},
  author={},
  year={},
  note={Available at: \url{https://bitblender.io/}}
}
@misc{Bitcoin-Mixer,
  title={Bitcoin Mixer},
  author={},
  year={},
  note={Available at: \url{https://bitcoinfog.info/}}
}
@misc{Tornado,
  title={Tornado Cash},
  author={},
  year={},
  note={Available at: \url{https://tornado.cash/}}
}

@misc{maxwell2013coinjoin,
  title={CoinJoin: Bitcoin Privacy for The Real World},
  author={Maxwell, Greg},
  year={2013},
  note={Available at: \url{https://bitcointalk.org/index.php?topic=279249.0}}
}


@inproceedings{valenta2015blindcoin,
  author={Valenta, Luke and Rowan, Brendan},
  title     = {Blindcoin: Blinded, Accountable Mixes for Bitcoin},
  booktitle = {Financial Cryptography and Data Security - {FC} 2015 International
               Workshops, BITCOIN},
  pages={112--126},
  year={2015},
  address = {San Juan, Puerto Rico},
  publisher={Springer}
}
@inproceedings{bonneau2014mixcoin,
  title={Mixcoin: Anonymity for Bitcoin with Accountable Mixes},
  author={Bonneau, Joseph and Narayanan, Arvind and Miller, Andrew and Clark, Jeremy and Kroll, Joshua A and Felten, Edward W},
  booktitle={International Conference on Financial Cryptography and Data Security},
  pages={486--504},
  year={2014},
  address = {Christ Church, Barbados},
  publisher = {Springer},
  organization={Springer}
}
@article{miller2017empirical,
  title={An Empirical Analysis of Traceability in the Monero Blockchain},
  author={Miller, Andrew and M{\"o}ser, Malte and Lee, Kevin and Narayanan, Arvind},
  journal={arXiv preprint arXiv:1704.04299},
  year={2017}
}

@article{xiong2023market,
  title={Market Misconduct in Decentralized Finance (DeFi): Analysis, Regulatory Challenges and Policy Implications},
  author={Xiong, Xihan and Wang, Zhipeng and Cui, Tianxiang and Knottenbelt, William and Huth, Michael},
  journal={arXiv preprint arXiv:2311.17715},
  year={2023}
}

@inproceedings{eurocrypt-2019-Mimblewimble,
  title={Aggregate cash systems: a cryptographic investigation of Mimblewimble},
  author={Fuchsbauer, Georg and Orr{\`u}, Michele and Seurin, Yannick},
  booktitle={Annual International Conference on the Theory and Applications of Cryptographic Techniques},
  pages={657--689},
  year={2019},
  organization={Springer}
}
@misc{conner-2pecdsa,
author = {Conner Fromknecht},
title = {2P-ECDSA: Two-Party ECDSA MultiSignatures},
howpublished = {Github project},
note = {\url{https://github.com/cfromknecht/tpec}},
}
@misc{canetti-uc,
    author = {Ran Canetti},
    title = {Universally Composable Security: A New Paradigm for Cryptographic Protocols},
    howpublished = {Cryptology ePrint Archive, Report 2000/067},
    year = {2000},
    note = {\url{https://eprint.iacr.org/2000/067}},
}

@misc{poelstra-scriptless,
author = {Andrew Poelstra},
title = {Lightning in scriptless scripts},
howPublished = {Mailing list post},
note = {\url{https://lists.launchpad.net/mimblewimble/msg00086.html}},
}


@inproceedings{kokoris2018omniledger,
  title={Omniledger: A secure, scale-out, decentralized ledger via sharding},
  author={Kokoris-Kogias, Eleftherios and Jovanovic, Philipp and Gasser, Linus and Gailly, Nicolas and Syta, Ewa and Ford, Bryan},
  booktitle={Symposium on Security and Privacy},
  pages={583--598},
  year={2018}
}

@misc{bitcoincash,
  title={Bitcoin Cash},
  author={},
  year={2008},
  note={Available at: \url{https://www.bitcoincash.org}}
}

@misc{bitcoin,
  title={Bitcoin: A peer-to-peer electronic cash system},
  author={Nakamoto, Satoshi},
  year={2008},
  note={Available at: \url{https://bitcoin.org/bitcoin.pdf}}
}

@misc{lightning,
  title={The bitcoin lightning network: scalable off-chain instant payments},
  author={Poon, Joseph and Dryja, Thaddeus},
  year={2016},
  note={Available at: \url{https://lightning.network/lightning-network-paper.pdf}}
}

@inproceedings{algorand,
  title={Algorand: Scaling byzantine agreements for cryptocurrencies},
  author={Gilad, Yossi and Hemo, Rotem and Micali, Silvio and Vlachos, Georgios and Zeldovich, Nickolai},
  booktitle={Symposium on Operating Systems Principles},
  pages={51--68},
  year={2017}
}

@misc{raiden,
  title={Raiden Network},
  author={Brainbot Technologies AG},
  year={2019},
  note={Available at: \url{https://raiden.network/}}
}

@misc{bip65,
  title={BIP 65},
  author={Todd, Peter},
  year={2014},
  note={Available at: \url{https://github.com/bitcoin/bips/blob/master/bip-0065.mediawiki}},
}

@inproceedings{bitcoinng,
  title={Bitcoin-ng: A scalable blockchain protocol},
  author={Eyal, Ittay and Gencer, Adem Efe and Sirer, Emin G{\"u}n and Van Renesse, Robbert},
  booktitle={Symposium on Networked Systems Design and Implementation)},
  pages={45--59},
  year={2016}
}

@misc{bip68,
  title={BIP 68},
  author={Friedenbach, Mark and BtcDrak and Dorier, Nicolas and kinoshitajona},
  year={2015},
  note={Available at: \url{https://github.com/bitcoin/bips/blob/master/bip-0068.mediawiki}}
}

@misc{bip112,
  title={BIP 112},
  author={BtcDrak and Friedenbach, Mark and Lombrozo, Eric},
  year={2015},
  note={Available at: \url{https://github.com/bitcoin/bips/blob/master/bip-0112.mediawiki}}
}

@misc{bitcoinj,
  title={bitcoinj},
  author={Anon.},
  year={2019},
  note={Available at: \url{https://bitcoinj.github.io/}}
}

@article{dasfastkitten,
  title={FastKitten: Practical Smart Contracts on Bitcoin},
  author={Das, Poulami and Eckey, Lisa and Frassetto, Tommaso and Gens, David and Host{\'a}kov{\'a}, Kristina and Jauernig, Patrick and Faust, Sebastian and Sadeghi, Ahmad-Reza}
}

@article{sprites,
  title={Sprites: Payment Channels that Go Faster than Lightning},
  author={Miller, Andrew and Bentov, Iddo and Kumaresan, Ranjit and McCorry, Patrick},
  journal={arXiv preprint arXiv:1702.05812},
  year={2017}
}

@misc{Flare2016,
  title={Flare: An Approach to Routing in Lightning Network},
  author={Prihodko, Pavel and Zhigulin, Slava and Sahno, Mykola and Ostrovskiy, Aleksei and Osuntokun, Olaoluwa},
  year={2016},
  note={Available at: \url{https://bitfury.com/content/downloads/whitepaper_flare_an_approach_to_routing_in_lightning_network_7_7_2016.pdf}}
}


@inproceedings{Merkle1988,
  title={A digital signature based on a conventional encryption function},
  author={Merkle, Ralph C},
  booktitle={Conference on the theory and application of cryptographic techniques},
  pages={369--378},
  year={1987},
  organization={Springer}
}


@article{wood2014ethereum,
  title={Ethereum: A secure decentralised generalised transaction ledger},
  author={Wood, Gavin},
  journal={Ethereum project yellow paper},
  volume={151},
  pages={1--32},
  year={2014}
}


@inproceedings{weintraub2022flash,
  title={A flash (bot) in the pan: measuring maximal extractable value in private pools},
  author={Weintraub, Ben and Torres, Christof Ferreira and Nita-Rotaru, Cristina and State, Radu},
  booktitle={Proceedings of the 22nd ACM Internet Measurement Conference},
  pages={458--471},
  year={2022}
}

@inproceedings{sasson2014zerocash,
  title={Zerocash: Decentralized anonymous payments from bitcoin},
  author={Sasson, Eli Ben and Chiesa, Alessandro and Garman, Christina and Green, Matthew and Miers, Ian and Tromer, Eran and Virza, Madars},
  booktitle={IEEE Symposium on Security and Privacy},
  year={2014}
}


@inproceedings{decker2015fast,
  title={A fast and scalable payment network with bitcoin duplex micropayment channels},
  author={Decker, Christian and Wattenhofer, Roger},
  booktitle={Symposium on Self-Stabilizing Systems},
  pages={3--18},
  year={2015},
  organization={Springer}
}

@inproceedings{kogias2016enhancing,
  title={Enhancing bitcoin security and performance with strong consistency via collective signing},
  author={Kogias, Eleftherios Kokoris and Jovanovic, Philipp and Gailly, Nicolas and Khoffi, Ismail and Gasser, Linus and Ford, Bryan},
  booktitle={USENIX Security Symposium},
  pages={279--296},
  year={2016}
}

@inproceedings {kappos2018analysiszcash,
author = {George Kappos and Haaroon Yousaf and Mary Maller and Sarah Meiklejohn},
title = {An Empirical Analysis of Anonymity in Zcash},
booktitle = {USENIX Security Symposium},
year = {2018},
pages = {463--477},
}


@article{luu2015scp,
  title={SCP: A Computationally-Scalable Byzantine Consensus Protocol For Blockchains},
  author={Luu, Loi and Narayanan, Viswesh and Baweja, Kunal and Zheng, Chaodong and Gilbert, Seth and Saxena, Prateek},
  journal={IACR Cryptology ePrint Archive},
  volume={2015},
  pages={1168},
  year={2015}
}

@inproceedings{pass2017hybrid,
  title={Hybrid Consensus: Efficient Consensus in the Permissionless Model},
  author={Pass, Rafael and Shi, Elaine},
  booktitle={31 International Symposium on Distributed Computing},
  pages={6},
  year={2017}
}

@InProceedings{amrit2017traceability,
author="Kumar, Amrit
and Fischer, Cl{\'e}ment
and Tople, Shruti
and Saxena, Prateek",
title="A Traceability Analysis of Monero's Blockchain",
booktitle="ESORICS",
year="2017",
pages="153--173",
}


@inproceedings{croman2016scaling,
  title={On scaling decentralized blockchains},
  author={Croman, Kyle and Decker, Christian and Eyal, Ittay and Gencer, Adem Efe and Juels, Ari and Kosba, Ahmed and Miller, Andrew and Saxena, Prateek and Shi, Elaine and Sirer, Emin G{\"u}n and others},
  booktitle={International Conference on Financial Cryptography and Data Security},
  pages={106--125},
  year={2016},
  organization={Springer}
}

@inproceedings{green2017bolt,
  title={Bolt: Anonymous payment channels for decentralized currencies},
  author={Green, Matthew and Miers, Ian},
  booktitle={Conference on Computer and Communications Security},
  pages={473--489},
  year={2017},
  organization={ACM}
}

@inproceedings{malavolta2017concurrency,
 author = {Malavolta, Giulio and Moreno-Sanchez, Pedro and Kate, Aniket and Maffei, Matteo and Ravi, Srivatsan},
 title = {Concurrency and Privacy with Payment-Channel Networks},
 booktitle = {Conference on Computer and Communications Security},
 series = {CCS '17},
 year = {2017},
 isbn = {978-1-4503-4946-8},
 location = {Dallas, Texas, USA},
 pages = {455--471},
 numpages = {17},
 url = {http://doi.acm.org/10.1145/3133956.3134096},
 doi = {10.1145/3133956.3134096},
 acmid = {3134096},
 publisher = {ACM},
 address = {New York, NY, USA},
 keywords = {bitcoin, concurrency, payment-channel network, privacy, scalability},
} 

@inproceedings{roos2017settling,
  title={Settling Payments Fast and Private: Efficient Decentralized Routing for Path-Based Transactions},
  author={Roos, Stefanie and Moreno-Sanchez, Pedro and Kate, Aniket and Goldberg, Ian},
  journal={Network and Distributed Systems Security},
  year={2018}
}

@inproceedings{luu2016secure,
  title={A secure sharding protocol for open blockchains},
  author={Luu, Loi and Narayanan, Viswesh and Zheng, Chaodong and Baweja, Kunal and Gilbert, Seth and Saxena, Prateek},
  booktitle={Conference on Computer and Communications Security},
  pages={17--30},
  year={2016},
  organization={ACM}
}

@article{gencer2016service,
  title={Service-Oriented Sharding with Aspen},
  author={Gencer, Adem Efe and van Renesse, Robbert and Sirer, Emin G{\"u}n},
  journal={arXiv preprint arXiv:1611.06816},
  year={2016}
}

@misc{poon2017plasma,
  title={Plasma: Scalable Autonomous Smart Contracts},
  author={Poon, Joseph and Buterin, Vitalik},
  year={2017},
  note={Available at: \url{https://plasma.io/plasma.pdf}}
}

@inproceedings{dziembowski2017perun,
  title={PERUN: Virtual Payment Channels over Cryptographic Currencies},
  author={Dziembowski, Stefan and Eckey, Lisa and Faust, Sebastian and Malinowski, Daniel},
  year={2019},
  booktitle={Symposium on Security and Privacy},
}

@article{dong2018celer,
  title={Celer Network: Bring Internet Scale to Every Blockchain},
  author={Dong, Mo and Liang, Qingkai and Li, Xiaozhou and Liu, Junda},
  journal={arXiv preprint arXiv:1810.00037},
  year={2018}
}

@article{burchert2018scalable,
  title={Scalable funding of Bitcoin micropayment channel networks},
  author={Burchert, Conrad and Decker, Christian and Wattenhofer, Roger},
  journal={Royal Society open science},
  volume={5},
  number={8},
  pages={180089},
  year={2018},
  publisher={The Royal Society}
}

@misc{decker2018eltoo,
  title={Eltoo: A simple layer2 protocol for bitcoin},
  author={Decker, Christian and Russell, Rusty and Osuntokun, Olaoluwa},
  year={2018},
  note={Available at: \url{https://blockstream.com/eltoo.pdf}}
}

@article{lind2017teechain,
  title={Teechain: Scalable blockchain payments using trusted execution environments},
  author={Lind, Joshua and Eyal, Ittay and Kelbert, Florian and Naor, Oded and Pietzuch, Peter and Sirer, Emin Gun},
  journal={arXiv preprint arXiv:1707.05454},
  year={2017}
}

@article{lind2016teechan,
  title={Teechan: Payment channels using trusted execution environments},
  author={Lind, Joshua and Eyal, Ittay and Pietzuch, Peter and Sirer, Emin G{\"u}n},
  journal={arXiv preprint arXiv:1612.07766},
  year={2016}
}

@article{mccorry2018pisa,
  title={Pisa: Arbitration Outsourcing for State Channels.},
  author={McCorry, Patrick and Bakshi, Surya and Bentov, Iddo and Miller, Andrew and Meiklejohn, Sarah},
  journal={IACR Cryptology ePrint Archive},
  volume={2018},
  pages={582},
  year={2018}
}

@inproceedings{dziembowski2018general,
  title={General State Channel Networks},
  author={Dziembowski, Stefan and Faust, Sebastian and Host{\'a}kov{\'a}, Kristina},
  booktitle={Conference on Computer and Communications Security},
  pages={949--966},
  year={2018},
  organization={ACM}
}

@misc{khalil2018nocust,
  title={NOCUST--A Securely Scalable Commit-Chain},
  author={Khalil, Rami and Gervais, Arthur and Felley, Guillaume},
  year={2018},
  note={Available at: \url{https://eprint.iacr.org/2018/642.pdf}}
}

@misc{hearn2018bitcoin,
  title={Bitcoin contracts},
  author={Bitcoin Wiki},
  note={Available at: \url{https://en.bitcoin.it/wiki/Contract}},
  year={2018}
}

@misc{offchaintransactionswiki,
  title={Off-Chain Transactions},
  author={Bitcoin Wiki},
  note={Available at: \url{https://en.bitcoin.it/wiki/Off-Chain_Transactions}},
  year={2018}
}

@misc{multisig,
  title={Multisignature},
  author={Bitcoin Wiki},
  note={Available at: \url{https://en.bitcoin.it/wiki/Multisignature}},
  year={2018}
}

@inproceedings{chaum1983blind,
  title={Blind signatures for untraceable payments},
  author={Chaum, David},
  booktitle={Advances in cryptology},
  pages={199--203},
  year={1983},
  organization={Springer}
}

@inproceedings{yang2003ppay,
  title={PPay: micropayments for peer-to-peer systems},
  author={Yang, Beverly and Garcia-Molina, Hector},
  booktitle={Proceedings of the 10th ACM conference on Computer and communications security},
  pages={300--310},
  year={2003},
  organization={ACM}
}

@misc{lightningwatchtower,
  title={Watchtower - watch channels for fraudulent transactions},
  author={The MIT Digital Currency Initiative @ Media Lab},
  note={Available at: \url{https://github.com/mit-dci}},
  year={2018}
}

@misc{setpaymentchannel,
  title={Set: Hub-and-Spoke Cryptographic Payment Channels},
  author={Ginnever, Nathan},
  journal={Available at: \url{https://finalitylabs.io/static/media/SetPaymentChannels.8a29d449.pdf}},
}

@misc{sgx,
  title={Intel Software Guard Extensions (Intel SGX)},
  author={Intel},
  note={Available at: \url{https://software.intel.com/en-us/sgx}},
  year={2019}
}

@misc{htlcs,
  title={Hashed Timelock Contracts},
  author={Bitcoin Wiki},
  note={Available at: \url{https://en.bitcoin.it/wiki/Hashed_Timelock_Contracts}},
  year={2019}
}

@misc{hashlock,
  title={Hashlock},
  author={Bitcoin Wiki},
  journal={Available at: \url{https://en.bitcoin.it/wiki/Hashlock}},
  year={2019}
}

@misc{magmo,
  title={ForceMove: an n-party state channel protocol},
  author={Tom Close and Andrew Stewart},
  journal={Available at: \url{ForceMove: an n-party state channel protocol}},
  year={2018}
}


@article{pedrosa2019lightning,
  title={Lightning Factories},
  author={Pedrosa, Alejandro Ranchal and Potop-Butucaru, Maria and Tucci-Piergiovanni, Sara},
  year={2019}
}

@misc{hackerslightning,
  title={Hackers tried to steal funds from a Lightning channel, just to end up losing theirs as the penalty system worked as expected},
  author={Reddit},
  note={Available at: \url{https://www.reddit.com/r/Bitcoin/comments/875avi/hackers_tried_to_steal_funds_from_a_lightning/}},
  year={2018}
}

@inproceedings{mccorry2016towards,
  title={Towards bitcoin payment networks},
  author={McCorry, Patrick and M{\"o}ser, Malte and Shahandasti, Siamak F and Hao, Feng},
  booktitle={Australasian Conference on Information Security and Privacy},
  pages={57--76},
  year={2016},
  organization={Springer}
}

@inproceedings{khalil2017revive,
  title={Revive: Rebalancing off-blockchain payment networks},
  author={Khalil, Rami and Gervais, Arthur},
  booktitle={Conference on Computer and Communications Security},
  pages={439--453},
  year={2017},
  organization={ACM}
}

@misc{kristovatlas,
   author={Atlas, Kristov},
   title={The Inevitability of Privacy in Lightning Networks},
   note={Available at: \url{https://www.kristovatlas.com/the-inevitability-of-privacy-in-lightning-networks/}},
   year={2017}
}

@misc{petertodd,
   author={Todd, Peter},
   title={Near-zero fee transactions with hub-and-spoke micropayments},
   note={Available at: \url{https://lists.linuxfoundation.org/pipermail/bitcoin-dev/2014-December/006988.html}},
   year={2014}
}

@misc{bitcoinwikipaymentchannels,
   title={Bitcoin Payment Channels},
   author={Bitcoin Wiki},
   note={Available at: \url{https://en.bitcoin.it/wiki/Payment_channels}},
   year={2018}
}

@inproceedings{Kate2016,
  title={Introduction to credit networks: security, privacy, and applications},
  author={Kate, Aniket},
  booktitle={Conference on Computer and Communications Security},
  pages={1859--1860},
  year={2016},
  organization={ACM}
}

@misc{visatxs,
  title={Visa Inc. at a Glance},
  author={VISA},
  note={Available at: \url{https://usa.visa.com/dam/VCOM/download/corporate/media/visa-fact-sheet-Jun2015.pdf}},
  year={2015}
}


@misc{monitor,
	title={Unlinkable outsourced channel monitoring},
	author={Tadge Dryja},
	note={Available at: \url{https://scalingbitcoin.org/transcript/milan2016/unlinkable-outsourced-channel-monitoring}},
	year={2016}
}

@misc{watchtower,
	title={Hardening Lightning, Harder, Better, Faster Stronger},
	author={Olaoluwa Osuntokun},
	note={Available at: \url{https://cyber.stanford.edu/sites/g/files/sbiybj9936/f/hardening_lightning_updated.pdf}},
	year={2015}
}

@misc{DCWC,
	title={Incentivizing payment channel watchtowers},
	author={Georgia Avarikioti and Felix Laufenberg and Jakub Sliwinski and Yuyi Wang and Roger Wattenhofer },
	note={Available at: \url{https://scalingbitcoin.org/transcript/tokyo2018/incentivizing-payment-channel-watchtowers}},
	year={2018}
}

@article{avarikioti2018towards,
  title={Towards Secure and Efficient Payment Channels},
  author={Avarikioti, Georgia and Laufenberg, Felix and Sliwinski, Jakub and Wang, Yuyi and Wattenhofer, Roger},
  journal={arXiv preprint arXiv:1811.12740},
  year={2018}
}


@misc{knapsack,
	title={Bitcoin mining is NP-hard},
	author={Joseph Bonneau},
	note={Available at: \url{https://freedom-to-tinker.com/2014/10/27/bitcoin-mining-is-np-hard/}},
	year={2014}
}

@misc{largefee,
	title={Big transaction fees are a problem for bitcoin — but there could be a solution},
	author={Ryan Browne},
	note={Available at: \url{https://www.cnbc.com/2017/12/19/big-transactions-fees-are-a-problem-for-bitcoin.html}},
	year={2017}
}

@article{Sompolinsky2013,
  title={Accelerating Bitcoin's Transaction Processing. Fast Money Grows on Trees, Not Chains.},
  author={Sompolinsky, Yonatan and Zohar, Aviv},
  journal={IACR Cryptology ePrint Archive},
  volume={2013},
  number={881},
  year={2013}
}

@misc{ethtxs,
  title={Vitalik Buterin: Sharding and Plasma to Help Ethereum Reach 1 Million Transactions Per Second},
  author={Cryptoslate},
  note={Available at: \url{https://cryptoslate.com/vitalik-buterin-sharding-and-plasma-to-help-ethereum-reach-1-million-transactions-per-second/}},
  year={2018}
}

@misc{coindeskbtcfees,
  title={Bitcoin Avg. Transaction Fee historical chart},
  author={BitInfoCharts},
  note={Available at: \url{https://bitinfocharts.com/comparison/bitcoin-transactionfees.html}},
  year={2019}
}

@misc{lqn,
   author={Gervais, Arthur and Khalil, Rami},
   title={Liquidity Network},
   note={Available at: \url{https://liquidity.network/}},
   year={2019}
}

@misc{ark,
   author={ARK},
   title={ARK: All-in-one blockchain solutions},
   note={Available at: \url{https://ark.io/}},
   year={2019}
}

@inproceedings{chaumianecash,
  title={Blind signature system},
  author={Chaum, David},
  booktitle={Advances in cryptology},
  pages={153--153},
  year={1984},
  organization={Springer}
}

@misc{nlocktime,
  title={nLockTime},
  author={Bitcoin Wiki},
  note={Available at: \url{https://en.bitcoin.it/wiki/NLockTime}},
  year={2019}
}

@misc{spilmanbitcoinj,
  title={Micro-payment channels implementation now in bitcoinj},
  author={Mike Hearn},
  note={Available at: \url{https://bitcointalk.org/index.php?topic=244656.0}},
  year={2013}
}

@misc{bitcoinmixing,
  title={Bitcoin mixing},
  author={Bitcoin Wiki},
  note={Available at: \url{https://en.bitcoin.it/wiki/Mixing_service}},
  year={2018}
}

@misc{bitcoincoinjoin,
  title={Coin join},
  author={Bitcoin Wiki},
  note={Available at: \url{https://en.bitcoin.it/wiki/CoinJoin}},
  year={2019}
}

@article{morenosanchez2017pathshuffle,
  author    = {Pedro Moreno{-}Sanchez and
               Tim Ruffing and
               Aniket Kate},
  title     = {PathShuffle: Credit Mixing and Anonymous Payments for Ripple},
  journal   = {PoPETs},
  volume    = {2017},
  number    = {3},
  pages     = {110},
  year      = {2017},
}



@inproceedings{ruffing2017coinshufflepp,
  author    = {Tim Ruffing and
               Pedro Moreno{-}Sanchez and
               Aniket Kate},
  title     = {{P2P} Mixing and Unlinkable Bitcoin Transactions},
  booktitle = {24th Annual Network and Distributed System Security Symposium, {NDSS}},
  year      = {2017},
  address = {San Diego, California, USA},
  publisher = {The Internet Society}
}

@inproceedings{heilman2016blindly,
  title={Blindly signed contracts: Anonymous on-blockchain and off-blockchain bitcoin transactions},
  author={Heilman, Ethan and Baldimtsi, Foteini and Goldberg, Sharon},
  booktitle={International Conference on Financial Cryptography and Data Security},
  pages={43--60},
  year={2016},
  organization={Springer}
}



@inproceedings{saxena2014increasing,
  title={Increasing anonymity in Bitcoin},
  author={Saxena, Amitabh and Misra, Janardan and Dhar, Aritra},
  booktitle={International Conference on Financial Cryptography and Data Security},
  pages={122--139},
  year={2014},
  organization={Springer}
}

@inproceedings{malavolta2017silentwhispers,
  title={SilentWhispers: Enforcing security and privacy in credit networks},
  author={Malavolta, Giulio and Moreno-Sanchez, Pedro and Kate, Aniket and Maffei, Matteo},
  booktitle={Network and Distributed System Security Symposium},
  year={2017}
}

@article{sivaraman2018routing,
  title={Routing Cryptocurrency with the Spider Network},
  author={Sivaraman, Vibhaalakshmi and Venkatakrishnan, Shaileshh Bojja and Alizadeh, Mohammad and Fanti, Giulia and Viswanath, Pramod},
  journal={arXiv preprint arXiv:1809.05088},
  year={2018}
}

@inproceedings{tsuchiya1988landmark,
  title={The landmark hierarchy: a new hierarchy for routing in very large networks},
  author={Tsuchiya, Paul F},
  booktitle={SIGCOMM Computer Communication Review},
  volume={18},
  pages={35--42},
  year={1988},
  organization={ACM}
}

@inproceedings{hofer2013greedy,
  title={Greedy embedding, routing and content addressing for darknets},
  author={H{\"o}fer, Andreas and Roos, Stefanie and Strufe, Thorsten},
  booktitle={Conference on Networked Systems},
  pages={43--50},
  year={2013},
}

@article{sunshine1977source,
  title={Source routing in computer networks},
  author={Sunshine, Carl A},
  journal={SIGCOMM Computer Communication Review},
  volume={7},
  number={1},
  pages={29--33},
  year={1977},
  publisher={ACM}
}

@misc{lightningonion,
    title = {Lightning-onion},
    note={Available at: \url{https://github.com/lightningnetwork/lightning-onion}},
    year={2018},
    author={Anon.}
}



@inproceedings{maymounkov2002kademlia,
  title={Kademlia: A peer-to-peer information system based on the xor metric},
  author={Maymounkov, Petar and Mazieres, David},
  booktitle={International Workshop on Peer-to-Peer Systems},
  pages={53--65},
  year={2002},
  organization={Springer}
}

@misc{techniquesreducefees,
  title={Techniques to reduce transaction fees},
  author={Bitcoin wiki},
  note={Available at: \url{https://en.bitcoin.it/wiki/Techniques_to_reduce_transaction_fees}},
  year={2019}
}

@article{stigler1961economics,
  title={The economics of information},
  author={Stigler, George J},
  journal={Journal of political economy},
  volume={69},
  number={3},
  pages={213--225},
  year={1961},
  publisher={The University of Chicago Press}
}

@misc{transactionmalleability,
  title={Transaction malleability},
  author={Bitcoin Wiki},
  note={Available at: \url{https://en.bitcoin.it/wiki/Transaction_malleability}},
  year={2018}
}

@misc{segwit,
  title={Segregated Witness},
  author={Bitcoin Wiki},
  note={Available at: \url{https://en.bitcoin.it/wiki/Segregated_Witness}},
  year={2019}
}


@misc{watchtowerwtwire,
  title={Watchtower/wtwire},
  author={Anon.},
  note={Available at: \url{https://github.com/lightningnetwork/lnd/pull/1512}},
  year={2018}
}

@misc{gluonplasma,
  title={Gluon Plasma: a Plasma variant for non-custodial exchanges},
  author={Rao, Bharath},
  note={Available at: \url{https://leverj.io/GluonPlasma.pdf}},
  year={2018}
}

@article{karlan2009trust,
  title={Trust and social collateral},
  author={Karlan, Dean and Mobius, Markus and Rosenblat, Tanya and Szeidl, Adam},
  journal={The Quarterly Journal of Economics},
  volume={124},
  number={3},
  pages={1307--1361},
  year={2009},
  publisher={MIT Press}
}

@inproceedings{defigueiredo2005trustdavis,
  title={Trustdavis: A non-exploitable online reputation system},
  author={DeFigueiredo, Dd B and Barr, Earl T},
  booktitle={Conference on E-Commerce Technology},
  pages={274--283},
  year={2005},
  organization={IEEE}
}

@misc{fugger2004money,
  title={Money as IOUs in social trust networks \& a proposal for a decentralized currency network protocol},
  author={Fugger, Ryan},
  note={Available at: \url{http://ripple.sourceforge.net}},
  year={2011}
}

@inproceedings{moreno2015privacy,
  title={Privacy preserving payments in credit networks},
  author={Moreno-Sanchez, Pedro and Kate, Aniket and Maffei, Matteo and Pecina, Kim},
  booktitle={Network and Distributed Security Symposium},
  year={2015}
}

@misc{sharding,
  title={Sharding roadmap},
  author={Anon.},
  note={Available at: \url{https://github.com/ethereum/wiki/wiki/Sharding-roadmap}},
  year={2019}
}

@misc{casper,
  title={Casper},
  author={Anon.},
  note={Available at: \url{https://github.com/ethereum/casper}},
  year={2018}
}

@misc{slasher,
  title={Slasher: A Punitive Proof-of-Stake Algorithm},
  author={Buterin, Vitalik},
  year={2014},
  note={Available at: \url{https://blog.ethereum.org/2014/01/15/slasher-a-punitive-proof-of-stake-algorithm/}}
}

@misc{ripple,
  title={Ripple},
  note={Available at: \url{https://ripple.com/}},
  year={2019}
}

@misc{stellar,
  title={Stellar},
  note={Available at: \url{https://www.stellar.org/}},
  year={2019}
}

@inproceedings{zamyatinxclaim,
  title={XCLAIM: Trustless, Interoperable, Cryptocurrency-Backed Assets},
  author={Zamyatin, Alexei and Harz, Dominik and Lind, Joshua and Panayiotou, Panayiotis and Gervais, Arthur and Knottenbelt, William},
  booktitle={IEEE Security and Privacy},
  year={2019},
  organization={IEEE}
}


@inproceedings{miller2014permacoin,
  title={Permacoin: Repurposing bitcoin work for data preservation},
  author={Miller, Andrew and Juels, Ari and Shi, Elaine and Parno, Bryan and Katz, Jonathan},
  booktitle={Symposium on Security and Privacy},
  pages={475--490},
  year={2014}
}

@article{honsi2017spacemint,
  title={SpaceMint-A Cryptocurrency Based on Proofs of Space},
  author={H{\o}nsi, Trond},
  year={2017},
  journal={IACR Cryptology ePrint Archive}
}

@misc{hyperledger,
    title={Sawtooth},
    note={Available at: \url{https://intelledger.github.io/introduction.html}},
    year={2019}
}

@misc{bitcoinfibre,
    title={Bitcoin Fibre},
    note={Available at: \url{http://www.bitcoinfibre.org/}},
    year={2019}
}

@inproceedings{decker2013information,
  title={Information propagation in the bitcoin network},
  author={Decker, Christian and Wattenhofer, Roger},
  booktitle={Conference on Peer-to-Peer Computing},
  pages={1--10},
  year={2013}
}

@inproceedings{gervais2014privacy,
  title={On the Privacy Provisions of Bloom Filters in Lightweight Bitcoin Clients},
  author={Gervais, Arthur and Capkun, Srdjan and Karame, Ghassan O and Gruber, Damian},
  booktitle={Computer Security Applications Conference},
  pages={326--335},
  publisher = {{ACM}},
  address = {New Orleans, LA, USA},
  year={2014}
}

@misc{klarmanbloxroute,
  title={bloXroute: A Scalable Trustless Blockchain Distribution Network},
  author={Klarman, Uri and Basu, Soumya and Kuzmanovic, Aleksandar and Sirer, Emin G{\"u}n},
  year={2018},
  note={Available at: \url{https://bloxroute.com/wp-content/uploads/2018/03/bloXroute-whitepaper.pdf}}
}

@inproceedings{kleinberg2007geographic,
  title={Geographic routing using hyperbolic space},
  author={Kleinberg, Robert},
  booktitle={International Conference on Computer Communications},
  pages={1902--1909},
  year={2007}
}

@misc{kitsune,
  title={You sank my battleship! A case study to evaluate state channels as a scaling solution for cryptocurrencies},
  author={McCorry, Patrick and Buckland, Chris and Bakshi, Surya and W{\"u}st, Karl and Miller, Andrew},
  year={2019},
  note={Available at: \url{https://pdfs.semanticscholar.org/284e/2003a93836ae70c1af0ae922bd9d62473f75.pdf}}
}

@misc{counterfactual,
    title={Counterfactual: Generalized State Channels},
    author={Joleman, Jeff and Horne, Liam and Xuanji, Li},
    note={Available at: \url{https://l4.ventures/papers/statechannels.pdf}},
    year={2018}
}

@misc{bip113,
  title={BIP 113},
  author={Kerin, Thomas and Friedenbach, Mark},
  note={Available at: \url{https://github.com/bitcoin/bips/blob/master/bip-0113.mediawiki}},
  year={2015}
}

@article{bano2017consensus,
  title={Consensus in the age of blockchains},
  author={Bano, Shehar and Sonnino, Alberto and Al-Bassam, Mustafa and Azouvi, Sarah and McCorry, Patrick and Meiklejohn, Sarah and Danezis, George},
  journal={arXiv preprint arXiv:1711.03936},
  year={2017}
}

@inproceedings{malavoltamulti,
  title={Anonymous multi-hop locks for blockchain scalability and interoperability},
  author={Malavolta, Giulio and Moreno-Sanchez, Pedro and Schneidewind, Clara and Kate, Aniket and Maffei, Matteo},
  booktitle={Network and Distributed System Security Symposium},
  year={2019}
}


@misc{moreviableplasma,
  title={More Viable Plasma},
  author={Jones, Ben and Fichter, Kelvin},
  note={Available at: \url{https://ethresear.ch/t/more-viable-plasma/2160}},
  year={2018}
}


@misc{plasmadebit,
  title={Plasma Debit: Arbitrary-denomination payments in Plasma Cash},
  author={Robinson, Dan},
  note={Available at: \url{https://ethresear.ch/t/plasma-debit-arbitrary-denomination-payments-in-plasma-cash/2198}},
  year={2018}
}

@misc{plasmacash,
  title={Plasma Cash: Plasma with much less per-user data checking},
  note={Available at: \url{https://ethresear.ch/t/plasma-cash-plasma-with-much-less-per-user-data-checking/1298}},
  year={2018}
}

@misc{konstplasmacash,
  title={Plasma Cash: Towards more efficient Plasma constructions},
  author={Georgios Konstantopoulos},
  note={Available at: \url{https://github.com/loomnetwork/plasma-paper/blob/master/plasma_cash.pdf}},
  year={2019}
}

@misc{plasmasnapp,
  title={Plasma snapp - fully verified plasma chain},
  note={Available at: \url{https://ethresear.ch/t/plasma-snapp-fully-verified-plasma-chain/3391}},
  year={2018}
}

@inproceedings{gervais2015tampering,
  title={Tampering with the delivery of blocks and transactions in bitcoin},
  author={Gervais, Arthur and Ritzdorf, Hubert and Karame, Ghassan O and Capkun, Srdjan},
  booktitle={Conference on Computer and Communications Security},
  pages={692--705},
  year={2015},
  organization={ACM}
}

@article{zimmermann1980osi,
  title={OSI reference model--The ISO model of architecture for open systems interconnection},
  author={Zimmermann, Hubert},
  journal={IEEE Transactions on communications},
  volume={28},
  number={4},
  pages={425--432},
  year={1980},
  publisher={IEEE}
}

@article{heilmanarwen,
  title={The Arwen Trading Protocols},
  author={Heilman, Ethan and Lipmann, Sebastien and Goldberg, Sharon}
}

@techreport{fischer1982impossibility,
  title={Impossibility of distributed consensus with one faulty process.},
  author={Fischer, Michael J and Lynch, Nancy A and Paterson, Michael S},
  year={1982},
  institution={MASSACHUSETTS INST OF TECH CAMBRIDGE LAB FOR COMPUTER SCIENCE}
}

@misc{lernerdecor,
  title={DECOR + HOP: A Scalable Blockchain Protocol},
  author={Lerner, Sergio Demian},
  note={Available at: \url{https://scalingbitcoin.org/papers/DECOR-HOP.pdf}}
}

@article{sompolinsky2016spectre,
  title={SPECTRE: A Fast and Scalable Cryptocurrency Protocol.},
  author={Sompolinsky, Yonatan and Lewenberg, Yoad and Zohar, Aviv},
  journal={IACR Cryptology ePrint Archive},
  volume={2016},
  pages={1159},
  year={2016}
}

@inproceedings{david2018ouroboros,
  title={Ouroboros praos: An adaptively-secure, semi-synchronous proof-of-stake blockchain},
  author={David, Bernardo and Ga{\v{z}}i, Peter and Kiayias, Aggelos and Russell, Alexander},
  booktitle={Conference on the Theory and Applications of Cryptographic Techniques},
  pages={66--98},
  year={2018},
  organization={Springer}
}

@article{bentov2016snow,
  title={Snow White: Provably Secure Proofs of Stake.},
  author={Bentov, Iddo and Pass, Rafael and Shi, Elaine},
  journal={IACR Cryptology ePrint Archive},
  volume={2016},
  pages={919},
  year={2016}
}

@inproceedings{zhang2017rem,
  title={$\{$REM$\}$: Resource-Efficient Mining for Blockchains},
  author={Zhang, Fan and Eyal, Ittay and Escriva, Robert and Juels, Ari and Van Renesse, Robbert},
  booktitle={$\{$USENIX$\}$ Security Symposium},
  pages={1427--1444},
  year={2017}
}

@article{abraham2016solidus,
  title={Solidus: An incentive-compatible cryptocurrency based on permissionless byzantine consensus},
  author={Abraham, Ittai and Malkhi, Dahlia and Nayak, Kartik and Ren, Ling and Spiegelman, Alexander},
  journal={arXiv preprint arXiv:1612.02916},
  year={2016}
}

@inproceedings{danezis2016centrally,
  title={Centrally Banked Cryptocurrencies},
  author={Danezis, G and Meiklejohn, S},
  booktitle={IACR Cryptology ePrint Archive},
  volume={2016},
  year={2016},
  organization={Internet Society}
}

@article{al2017chainspace,
  title={Chainspace: A sharded smart contracts platform},
  author={Al-Bassam, Mustafa and Sonnino, Alberto and Bano, Shehar and Hrycyszyn, Dave and Danezis, George},
  journal={arXiv preprint arXiv:1708.03778},
  year={2017}
}

@misc{spilman,
   title={[Bitcoin-development] Anti DoS for tx replacement},
   author={Spilman, Jeremy},
   year={2013},
   note={Available at: \url{https://lists.linuxfoundation.org/pipermail/bitcoin-dev/2013-April/002433.html}}
}


@misc{snarkexpensive,
	title={On-chain scaling to potentially ~500 tx/sec through mass tx validation},
	author={Buterin, Vitalik},
	year={2018},
	note={Available at: \url{https://ethresear.ch/t/on-chain-scaling-to-potentially-500-tx-sec-through-mass-tx-validation/3477}}
}



@inproceedings{matetic2017rote,
  title={$\{$ROTE$\}$: Rollback Protection for Trusted Execution},
  author={Matetic, Sinisa and Ahmed, Mansoor and Kostiainen, Kari and Dhar, Aritra and Sommer, David and Gervais, Arthur and Juels, Ari and Capkun, Srdjan},
  booktitle={$\{$USENIX$\}$ Security Symposium},
  pages={1289--1306},
  year={2017}
}

@article{costan2016intel,
  title={Intel SGX Explained.},
  author={Costan, Victor and Devadas, Srinivas},
  journal={IACR Cryptology ePrint Archive},
  volume={2016},
  number={086},
  pages={1--118},
  year={2016}
}

@article{feige1988zero,
  title={Zero-knowledge proofs of identity},
  author={Feige, Uriel and Fiat, Amos and Shamir, Adi},
  journal={Journal of cryptology},
  volume={1},
  number={2},
  pages={77--94},
  year={1988},
  publisher={Springer}
}


@inproceedings{ben2014succinct,
	title={Succinct non-interactive zero knowledge for a von Neumann architecture},
	author={Ben-Sasson, Eli and Chiesa, Alessandro and Tromer, Eran and Virza, Madars},
	booktitle={23rd $\{$USENIX$\}$ Security Symposium ($\{$USENIX$\}$ Security 14)},
	pages={781--796},
	year={2014}
}

@inproceedings{bitansky2012extractable,
  title={From extractable collision resistance to succinct non-interactive arguments of knowledge, and back again},
  author={Bitansky, Nir and Canetti, Ran and Chiesa, Alessandro and Tromer, Eran},
  booktitle={Innovations in Theoretical Computer Science Conference},
  pages={326--349},
  year={2012},
  organization={ACM}
}

@article{goldschlag1999onion,
  title={Onion routing for anonymous and private internet connections},
  author={Goldschlag, David and Reed, Michael and Syverson, Paul},
  journal={Communications of the ACM},
  volume={42},
  number={2},
  pages={39--40},
  year={1999},
  publisher={Association for Computing Machinery, Inc.}
}

@inproceedings{roos2015impossibility,
  title={On the impossibility of efficient self-stabilization in virtual overlays with churn},
  author={Roos, Stefanie and Strufe, Thorsten},
  booktitle={Conference on Computer Communications},
  pages={298--306},
  year={2015}
}

@article{orlin1993faster,
  title={A faster strongly polynomial minimum cost flow algorithm},
  author={Orlin, James B},
  journal={Operations research},
  volume={41},
  number={2},
  pages={338--350},
  year={1993},
  publisher={INFORMS}
}

@inproceedings{roos2016anonymous,
  title={Anonymous addresses for efficient and resilient routing in F2F overlays},
  author={Roos, Stefanie and Beck, Martin and Strufe, Thorsten},
  booktitle={Conference on Computer Communications},
  pages={1--9},
  year={2016}
}

@misc{coinmarketcap,
  title={Bitcoin market capitalization},
  author={CoinMarketCap},
  year={2019},
  note={Available at: \url{https://coinmarketcap.com/currencies/bitcoin/}}
}

@article{back2014enabling,
  title={Enabling blockchain innovations with pegged sidechains},
  author={Back, Adam and Corallo, Matt and Dashjr, Luke and Friedenbach, Mark and Maxwell, Gregory and Miller, Andrew and Poelstra, Andrew and Tim{\'o}n, Jorge and Wuille, Pieter},
  journal={URL: http://www. opensciencereview. com/papers/123/enablingblockchain-innovations-with-pegged-sidechains},
  year={2014}
}

@inproceedings{perez2019broken,
  title={Broken metre: Attacking resource metering in EVM},
  author={Perez, Daniel and Livshits, Benjamin},
  booktitle={Proceedings of the 27th Annual Network and Distributed System Security Symposium},
  year={2020},
  organization={Internet Society}
}

@inproceedings{le2020practical,
  title={A practical approach for taking down avalanche botnets under real-world constraints},
  author={Le Pochat, Victor and Maroofi, Sourena and Van Goethem, Tom and Preuveneers, Davy and Duda, Andrzej and Joosen, Wouter and Korczy{\'n}ski, Maciej and others},
  booktitle={Proceedings of the 27th Annual Network and Distributed System Security Symposium},
  year={2020},
  organization={Internet Society}
}

@inproceedings{li2021deter,
  title={DETER: Denial of Ethereum Txpool sERvices},
  author={Li, Kai and Wang, Yibo and Tang, Yuzhe},
  booktitle={Proceedings of the 2021 ACM SIGSAC Conference on Computer and Communications Security},
  pages={1645--1667},
  year={2021}
}

@book{fisher1930theory,
  title={Theory of interest: as determined by impatience to spend income and opportunity to invest it},
  author={Fisher, Irving},
  year={1930},
  publisher={Augustusm Kelly Publishers, Clifton}
}

@article{seres2019topological,
  title={Topological Analysis of Bitcoin's Lightning Network},
  author={Seres, Istv{\'a}n Andr{\'a}s and Guly{\'a}s, L{\'a}szl{\'o} and Nagy, D{\'a}niel A and Burcsi, P{\'e}ter},
  journal={arXiv preprint arXiv:1901.04972},
  year={2019}
}

@inproceedings{danezis2004statistical,
  title={Statistical disclosure or intersection attacks on anonymity systems},
  author={Danezis, George and Serjantov, Andrei},
  booktitle={International Workshop on Information Hiding},
  year={2004}
}

@misc{litecoin,
  title={Litecoin},
  note={Available at: \url{https://litecoin.org/}}
}

@misc{zcash,
  title={Zcash},
  note={Available at: \url{https://z.cash/}}
}

@inproceedings{milutinovic2016proof,
  title={Proof of luck: an efficient blockchain consensus protocol},
  author={Milutinovic, Mitar and He, Warren and Wu, Howard and Kanwal, Maxinder},
  booktitle={Proceedings of the 1st Workshop on System Software for Trusted Execution},
  pages={2},
  year={2016},
  organization={ACM}
}

@inproceedings{borge2017proof,
  title={Proof-of-personhood: Redemocratizing permissionless cryptocurrencies},
  author={Borge, Maria and Kokoris-Kogias, Eleftherios and Jovanovic, Philipp and Gasser, Linus and Gailly, Nicolas and Ford, Bryan},
  booktitle={2017 IEEE European Symposium on Security and Privacy Workshops (EuroS\&PW)},
  pages={23--26},
  year={2017},
  organization={IEEE}
}

@article{bentov2017tesseract,
  title={Tesseract: Real-Time Cryptocurrency Exchange using Trusted Hardware.},
  author={Bentov, Iddo and Ji, Yan and Zhang, Fan and Li, Yunqi and Zhao, Xueyuan and Breidenbach, Lorenz and Daian, Philip and Juels, Ari},
  journal={IACR Cryptology ePrint Archive},
  volume={2017},
  pages={1153},
  year={2017}
}

@inproceedings{brasser2017software,
  title={Software Grand Exposure:$\{$SGX$\}$ Cache Attacks Are Practical},
  author={Brasser, Ferdinand and M{\"u}ller, Urs and Dmitrienko, Alexandra and Kostiainen, Kari and Capkun, Srdjan and Sadeghi, Ahmad-Reza},
  booktitle={11th $\{$USENIX$\}$ Workshop on Offensive Technologies ($\{$WOOT$\}$ 17)},
  year={2017}
}

@article{karame2015misbehavior,
  title={Misbehavior in Bitcoin: A Study of Double-Spending and Accountability},
  author={Karame, Ghassan O and Androulaki, Elli and Roeschlin, Marc and Gervais, Arthur and {\v{C}}apkun, Srdjan},
  journal={ACM Transactions on Information and System Security (TISSEC)},
  volume={18},
  number={1},
  pages={2},
  year={2015},
  publisher={ACM}
}

@book{ahuja1988network,
  title={Network flows},
  author={Ahuja, Ravindra K and Magnanti, Thomas L and Orlin, James B},
  year={1988},
  publisher={Cambridge, Mass.: Alfred P. Sloan School of Management, Massachusetts}
}

@article{papadimitriou2005conjecture,
  title={On a conjecture related to geometric routing},
  author={Papadimitriou, Christos H and Ratajczak, David},
  journal={Theoretical Computer Science},
  volume={344},
  number={1},
  year={2005}
}

@misc{rollup,
  title={Roll-up},
  note={Available at: \url{https://github.com/barryWhiteHat/roll_up}}
}

@article{dong2023defending,
  title={Defending Against Poisoning Attacks in Federated Learning with Blockchain},
  author={Dong, Nanqing and Wang, Zhipeng and Sun, Jiahao and Kampffmeyer, Michael and Knottenbelt, William and Xing, Eric},
  journal={IEEE Transactions on Artificial Intelligence},
  year={2024},
  note = {\url{https://arxiv.org/pdf/2307.00543.pdf}}
}

@article{zhao2023survey,
  title={A survey of large language models},
  author={Zhao, Wayne Xin and Zhou, Kun and Li, Junyi and Tang, Tianyi and Wang, Xiaolei and Hou, Yupeng and Min, Yingqian and Zhang, Beichen and Zhang, Junjie and Dong, Zican and others},
  journal={arXiv preprint arXiv:2303.18223},
  year={2023}
}

@book{seber2012linear,
  title={Linear regression analysis},
  author={Seber, George AF and Lee, Alan J},
  year={2012},
  publisher={John Wiley \& Sons}
}

@article{anil2023palm,
  title={Palm 2 technical report},
  author={Anil, Rohan and Dai, Andrew M and Firat, Orhan and Johnson, Melvin and Lepikhin, Dmitry and Passos, Alexandre and Shakeri, Siamak and Taropa, Emanuel and Bailey, Paige and Chen, Zhifeng and others},
  journal={arXiv preprint arXiv:2305.10403},
  year={2023}
}

@misc{gemini-wont-show-you-white-people,
  title={Why Google’s AI tool was slammed for showing images of people of colour},
  note={Available at: \url{https://www.aljazeera.com/news/2024/3/9/why-google-gemini-wont-show-you-white-people}}
}


@book{montgomery2021introduction,
  title={Introduction to linear regression analysis},
  author={Montgomery, Douglas C and Peck, Elizabeth A and Vining, G Geoffrey},
  year={2021},
  publisher={John Wiley \& Sons}
}

@article{hu2021lora,
  title={Lora: Low-rank adaptation of large language models},
  author={Hu, Edward J and Shen, Yelong and Wallis, Phillip and Allen-Zhu, Zeyuan and Li, Yuanzhi and Wang, Shean and Wang, Lu and Chen, Weizhu},
  journal={arXiv preprint arXiv:2106.09685},
  year={2021}
}

@article{wu2023brief,
  title={A brief overview of ChatGPT: The history, status quo and potential future development},
  author={Wu, Tianyu and He, Shizhu and Liu, Jingping and Sun, Siqi and Liu, Kang and Han, Qing-Long and Tang, Yang},
  journal={IEEE/CAA Journal of Automatica Sinica},
  year={2023}
}

@article{shen2024hugginggpt,
  title={Hugginggpt: Solving ai tasks with chatgpt and its friends in hugging face},
  author={Shen, Yongliang and Song, Kaitao and Tan, Xu and Li, Dongsheng and Lu, Weiming and Zhuang, Yueting},
  journal={Advances in Neural Information Processing Systems},
  volume={36},
  year={2024}
}

@article{chang2023survey,
  title={A survey on evaluation of large language models},
  author={Chang, Yupeng and Wang, Xu and Wang, Jindong and Wu, Yuan and Yang, Linyi and Zhu, Kaijie and Chen, Hao and Yi, Xiaoyuan and Wang, Cunxiang and Wang, Yidong and others},
  journal={ACM Transactions on Intelligent Systems and Technology},
  year={2023},
  publisher={ACM New York, NY}
}

@misc{MIT-report,
  title={When AI Gets It Wrong: Addressing AI Hallucinations and Bias},
  note={Available at: \url{https://mitsloanedtech.mit.edu/ai/basics/addressing-ai-hallucinations-and-bias/}}
}

@misc{nist-report,
  title={There’s More to AI Bias Than Biased Data, NIST Report Highlights},
  author= {NIST},
  note={Available at: \url{https://www.nist.gov/news-events/news/2022/03/theres-more-ai-bias-biased-data-nist-report-highlights}}
}


@misc{IBM-report,
  title={Shedding light on AI bias with real world examples},
  author= {IBM},
  note={Available at: \url{https://www.ibm.com/blog/shedding-light-on-ai-bias-with-real-world-examples/}}
}


@article{gervais2014bitcoin,
  title={Is bitcoin a decentralized currency?},
  author={Gervais, Arthur and Karame, Ghassan O and Capkun, Vedran and Capkun, Srdjan},
  journal={IEEE security \& privacy},
  volume={12},
  number={3},
  pages={54--60},
  year={2014},
  publisher={IEEE}
}

@article{gencer2018decentralization,
  title={Decentralization in bitcoin and ethereum networks},
  author={Gencer, Adem Efe and Basu, Soumya and Eyal, Ittay and Van Renesse, Robbert and Sirer, Emin G{\"u}n},
  journal={arXiv preprint arXiv:1801.03998},
  year={2018}
}


@article{bohme2015bitcoin,
  title={Bitcoin: Economics, technology, and governance},
  author={B{\"o}hme, Rainer and Christin, Nicolas and Edelman, Benjamin and Moore, Tyler},
  journal={Journal of Economic Perspectives},
  volume={29},
  number={2},
  pages={213--38},
  year={2015}
}

@inproceedings{bender2006ring,
  title={Ring signatures: Stronger definitions, and constructions without random oracles},
  author={Bender, Adam and Katz, Jonathan and Morselli, Ruggero},
  booktitle={Theory of Cryptography Conference},
  pages={60--79},
  year={2006},
  organization={Springer}
}

@inproceedings{courtois2017stealth,
  title={Stealth Address and Key Management Techniques in Blockchain Systems.},
  author={Courtois, Nicolas T and Mercer, Rebekah},
  booktitle={ICISSP},
  pages={559--566},
  year={2017}
}

@incollection{avarikioti2018payment,
  title={Payment Network Design with Fees},
  author={Avarikioti, Georgia and Janssen, Gerrit and Wang, Yuyi and Wattenhofer, Roger},
  booktitle={Data Privacy Management, Cryptocurrencies and Blockchain Technology},
  pages={76--84},
  year={2018},
  publisher={Springer}
}

@InProceedings{split2018Piatkivskyi,
author="Piatkivskyi, Dmytro
and Nowostawski, Mariusz",
editor="Garcia-Alfaro, Joaquin
and Herrera-Joancomart{\'i}, Jordi
and Livraga, Giovanni
and Rios, Ruben",
title="Split Payments in Payment Networks",
booktitle="Data Privacy Management, Cryptocurrencies and Blockchain Technology",
year="2018",
publisher="Springer International Publishing",
address="Cham",
pages="67--75",
abstract="Traditional blockchain systems, such as Bitcoin, focus on transactions in which entire amount is transferred from one owner to the other, in a single, atomic operation. This model has been re-used in the context of payment networks such as Lightning network. In this work, we propose and investigate new payment model, called split payments, in which the total amount to be transferred is split into unit-amounts and is transferred independently through the same or different routes. By splitting the payments this way, we achieve an improved total liquidity of the payment network, simplify the route advertising, reduce the amount of funds needed to be locked in the channels, and improve the privacy properties.",
isbn="978-3-030-00305-0"
}

@article{khaliltex,
  title={TEX--A Securely Scalable Trustless Exchange},
  author={Khalil, Rami and Gervais, Arthur and Felley, Guillaume}
}

@incollection{werman2018avoiding,
  title={Avoiding Deadlocks in Payment Channel Networks},
  author={Werman, Shira and Zohar, Aviv},
  booktitle={Data Privacy Management, Cryptocurrencies and Blockchain Technology},
  year={2018}
}

@article{neudecker2018network,
  title={Network layer aspects of permissionless blockchains},
  author={Neudecker, Till and Hartenstein, Hannes},
  journal={IEEE Communications Surveys \& Tutorials},
  year={2018},
  publisher={IEEE}
}

@techreport{wust2016ethereum,
  title={Ethereum eclipse attacks},
  author={W{\"u}st, Karl and Gervais, Arthur},
  year={2016},
  institution={ETH Zurich}
}

%%%%%
@article{zether-bunz-2020,
  author    = {Benedikt B{\"{u}}nz and
               Shashank Agrawal and
               Mahdi Zamani and
               Dan Boneh},
  title     = {Zether: Towards Privacy in a Smart Contract World},
  journal   = {{IACR} Cryptol. ePrint Arch.},
  volume    = {2019},
  pages     = {191},
  year      = {2019},
  timestamp = {Mon, 11 May 2020 15:56:29 +0200},
  biburl    = {https://dblp.org/rec/journals/iacr/BunzAZB19.bib},
  bibsource = {dblp computer science bibliography, https://dblp.org}
}

@misc{zexe-2020-sp,
    author = {Sean Bowe and Alessandro Chiesa and Matthew Green and Ian Miers and Pratyush Mishra and Howard Wu},
    title = {Zexe: Enabling Decentralized Private Computation},
    howpublished = {Cryptology ePrint Archive, Report 2018/962},
    year = {2018},
    note = {\url{https://eprint.iacr.org/2018/962}},
}


@article{asiacrypt-2019-quisquis,
  title={Quisquis: A New Design for Anonymous Cryptocurrencies},
  booktitle={Advances in Cryptology – ASIACRYPT 2019},
  series={Advances in Cryptology – ASIACRYPT 2019},
  publisher={Springer},
  volume={11921},
  pages={649-678},
  doi={10.1007/978-3-030-34578-5_23},
  author={Prastudy Fauzi and Sarah Meiklejohn and Rebekah Mercer and Claudio Orlandi},
  year=2019
}

@InProceedings{ars-bootle15,
author="Bootle, Jonathan
and Cerulli, Andrea
and Chaidos, Pyrros
and Ghadafi, Essam
and Groth, Jens
and Petit, Christophe",
editor="Pernul, G{\"u}nther
and Y A Ryan, Peter
and Weippl, Edgar",
title="Short Accountable Ring Signatures Based on DDH",
booktitle="Computer Security -- ESORICS 2015",
year="2015",
publisher="Springer International Publishing",
address="Cham",
pages="243--265",
abstract="Ring signatures and group signatures are prominent cryptographic primitives offering a combination of privacy and authentication. They enable individual users to anonymously sign messages on behalf of a group of users. In ring signatures, the group, i.e. the ring, is chosen in an ad hoc manner by the signer. In group signatures, group membership is controlled by a group manager. Group signatures additionally enforce accountability by providing the group manager with a secret tracing key that can be used to identify the otherwise anonymous signer when needed. Accountable ring signatures, introduced by Xu and Yung (CARDIS 2004), bridge the gap between the two notions. They provide maximal flexibility in choosing the ring, and at the same time maintain accountability by supporting a designated opener that can identify signers when needed.",
isbn="978-3-319-24174-6"
}


@InProceedings{liu-LSAG-04,
author="Liu, Joseph K.
and Wei, Victor K.
and Wong, Duncan S.",
editor="Wang, Huaxiong
and Pieprzyk, Josef
and Varadharajan, Vijay",
title="Linkable Spontaneous Anonymous Group Signature for Ad Hoc Groups",
booktitle="Information Security and Privacy",
year="2004",
publisher="Springer Berlin Heidelberg",
address="Berlin, Heidelberg",
pages="325--335",
abstract="We present a linkable spontaneously anonymous group (LSAG) signature scheme (alternatively known as linkable ring signature scheme) satisfying the following three properties. (1) Anonymity, or signer indistinguishability. (2) Linkability: That two signatures by the same signer can be linked. (3) Spontaneity: No group secret, therefore no group manager or group secret sharing setup. We reduce the security of our scheme to well-known problems under the random oracle model. Using the scheme, we construct a new efficient one-round e-voting system which does not have a registration phase. We also present a new efficient reduction of famous rewind simulation lemma which only relies on elementary probability theory. Threshold extensions of our scheme are also presented.",
isbn="978-3-540-27800-9"
}

@misc{zero-to-monero,
author = {Kurt M. Alonso},
title = {{Zero} to {Monero}: First Edition. A Technical Guide to A Private Digital Currency; 
for Beginners, Amateurs, and Experts},
year = {2020},
note = {\url{https://web.getmonero.org/library/Zero-to-Monero-2-0-0.pdf}},
}

@inproceedings{hinteregger2018monerotraceability,
  title={Short paper: An empirical analysis of Monero cross-chain traceability},
  author={Hinteregger, Abraham and Haslhofer, Bernhard},
  booktitle={Financial Cryptography and Data Security: 23rd International Conference, FC 2019, Frigate Bay, St. Kitts and Nevis, February 18--22, 2019, Revised Selected Papers 23},
  pages={150--157},
  year={2019},
  organization={Springer}
}

@incollection{fanti-17-deanonymize-p2p,
title = {Deanonymization in the Bitcoin P2P Network},
author = {Fanti, Giulia and Viswanath, Pramod},
booktitle = {Advances in Neural Information Processing Systems 30},
editor = {I. Guyon and U. V. Luxburg and S. Bengio and H. Wallach and R. Fergus and S. Vishwanathan and R. Garnett},
pages = {1364--1373},
year = {2017},
publisher = {Curran Associates, Inc.},
url = {http://papers.nips.cc/paper/6735-deanonymization-in-the-bitcoin-p2p-network.pdf}
}

@InProceedings{txprobe-sergi-2019,
author="Delgado-Segura, Sergi
and Bakshi, Surya
and P{\'e}rez-Sol{\`a}, Cristina
and Litton, James
and Pachulski, Andrew
and Miller, Andrew
and Bhattacharjee, Bobby",
editor="Goldberg, Ian
and Moore, Tyler",
title="TxProbe: Discovering Bitcoin's Network Topology Using Orphan Transactions",
booktitle="Financial Cryptography and Data Security",
year="2019",
publisher="Springer International Publishing",
address="Cham",
pages="550--566",
abstract="Bitcoin relies on a peer-to-peer overlay network to broadcast transactions and blocks. From the viewpoint of network measurement, we would like to observe this topology so we can characterize its performance, fairness and robustness. However, this is difficult because Bitcoin is deliberately designed to hide its topology from onlookers. Knowledge of the topology is not in itself a vulnerability, although it could conceivably help an attacker performing targeted eclipse attacks or to deanonymize transaction senders.",
isbn="978-3-030-32101-7"
}

@InProceedings{tracebility-cryptonote-fc2019,
author="Yu, Zuoxia
and Au, Man Ho
and Yu, Jiangshan
and Yang, Rupeng
and Xu, Qiuliang
and Lau, Wang Fat",
editor="Goldberg, Ian
and Moore, Tyler",
title="New Empirical Traceability Analysis of CryptoNote-Style Blockchains",
booktitle="Financial Cryptography and Data Security",
year="2019",
publisher="Springer International Publishing",
address="Cham",
pages="133--149",
abstract="The cascade effect attacks (PETS' 18) on the untraceability of Monero are circumvented by two approaches. The first one is to increase the minimum ring size of each input, from 3 (version 0.9.0) to 7 in the latest update (version 0.12.0). The second approach is introducing the ring confidential transactions with enhanced privacy guarantee. However, so far, no formal analysis has been conducted on the level of anonymity provided by the new countermeasures in Monero. In addition, since Monero is only an example of leading CryptoNote-style blockchains, the actual privacy guarantee provided by other similar blockchains in the wild remains unknown.",
isbn="978-3-030-32101-7"
}

@misc{gudgeon-fc20,
    author = {Lewis Gudgeon and Pedro Moreno-Sanchez and Stefanie Roos and Patrick McCorry and Arthur Gervais},
    title = {SoK: Layer-Two Blockchain Protocols},
    howpublished = {Cryptology ePrint Archive, Report 2019/360},
    year = {2019},
    note = {\url{https://eprint.iacr.org/2019/360}},
}

@inproceedings{prism-ccs2019,
author = {Bagaria, Vivek and Kannan, Sreeram and Tse, David and Fanti, Giulia and Viswanath, Pramod},
title = {Prism: Deconstructing the Blockchain to Approach Physical Limits},
year = {2019},
isbn = {9781450367479},
publisher = {Association for Computing Machinery},
address = {New York, NY, USA},
url = {https://doi.org/10.1145/3319535.3363213},
doi = {10.1145/3319535.3363213},
booktitle = {Proceedings of the 2019 ACM SIGSAC Conference on Computer and Communications Security},
pages = {585–602},
numpages = {18},
keywords = {latency, proof-of-work, scalability, throughput, blockchains},
location = {London, United Kingdom},
series = {CCS ’19}
}

@article{fanti-dandelionpp-journal18,
  author    = {Giulia C. Fanti and
               Shaileshh Bojja Venkatakrishnan and
               Surya Bakshi and
               Bradley Denby and
               Shruti Bhargava and
               Andrew Miller and
               Pramod Viswanath},
  title     = {Dandelion++: Lightweight Cryptocurrency Networking with Formal Anonymity
               Guarantees},
  journal   = {CoRR},
  volume    = {abs/1805.11060},
  year      = {2018},
  url       = {http://arxiv.org/abs/1805.11060},
  archivePrefix = {arXiv},
  eprint    = {1805.11060},
  timestamp = {Mon, 08 Jul 2019 08:49:27 +0200},
  biburl    = {https://dblp.org/rec/journals/corr/abs-1805-11060.bib},
  bibsource = {dblp computer science bibliography, https://dblp.org}
}

@article{silveira2021formal,
  title={A formal analysis of the mimblewimble cryptocurrency protocol},
  author={Silveira, Adri{\'a}n and Betarte, Gustavo and Cristi{\'a}, Maximiliano and Luna, Carlos},
  journal={Sensors},
  volume={21},
  number={17},
  pages={5951},
  year={2021},
  publisher={MDPI}
}

@inproceedings{fauzi2019quisquis,
  title={Quisquis: A new design for anonymous cryptocurrencies},
  author={Fauzi, Prastudy and Meiklejohn, Sarah and Mercer, Rebekah and Orlandi, Claudio},
  booktitle={Advances in Cryptology--ASIACRYPT 2019: 25th International Conference on the Theory and Application of Cryptology and Information Security, Kobe, Japan, December 8--12, 2019, Proceedings, Part I 25},
  pages={649--678},
  year={2019},
  organization={Springer}
}

@misc{crytonote2-saberhagen,
  author={Nicolas van Saberhagen},
  title={CryptoNote v 2.0},
  year={2013}  
}

@inproceedings{acsw2019-surveyofanonymity,
author = {Amarasinghe, Niluka and Boyen, Xavier and McKague, Matthew},
title = {A Survey of Anonymity of Cryptocurrencies},
year = {2019},
isbn = {9781450366038},
publisher = {Association for Computing Machinery},
address = {New York, NY, USA},
url = {https://doi.org/10.1145/3290688.3290693},
doi = {10.1145/3290688.3290693},
booktitle = {Proceedings of the Australasian Computer Science Week Multiconference},
articleno = {2},
numpages = {10},
keywords = {Anonymity, Cryptocurrency, Bitcoin, Privacy},
location = {Sydney, NSW, Australia},
series = {ACSW 2019}
}

% RingCT
@article{Noether2016-Ledger,
  title = {Ring {{Confidential Transactions}}},
  volume = {1},
  copyright = {Copyright (c) 2016 Shen Noether, Adam Mackenzie},
  issn = {2379-5980},
  language = {en},
  number = {0},
  journal = {Ledger},
  author = {Noether, Shen  and Mackenzie, Adam},
  month = {Dec},
  year = {2016},
  pages = {1-18},
  file = {/Users/pedro/Zotero/storage/5N53NYLJ/Noether et al_2016_Ring Confidential Transactions.pdf;/Users/pedro/Zotero/storage/X3SX2TQ8/61.html}
}

% Ring CT 2.0
@InProceedings{Sun-RingCT-2.0-2017,
author="Sun, Shi-Feng
and Au, Man Ho
and Liu, Joseph K.
and Yuen, Tsz Hon",
editor="Foley, Simon N.
and Gollmann, Dieter
and Snekkenes, Einar",
title="RingCT 2.0: A Compact Accumulator-Based (Linkable Ring Signature) Protocol for Blockchain Cryptocurrency Monero",
booktitle="Computer Security -- ESORICS 2017",
year="2017",
publisher="Springer International Publishing",
address="Cham",
pages="456--474",
abstract="In this work, we initially study the necessary properties and security requirements of Ring Confidential Transaction (RingCT) protocol deployed in the popular anonymous cryptocurrency Monero. Firstly, we formalize the syntax of RingCT protocol and present several formal security definitions according to its application in Monero. Based on our observations on the underlying (linkable) ring signature and commitment schemes, we then put forward a new efficient RingCT protocol (RingCT 2.0), which is built upon the well-known Pedersen commitment, accumulator with one-way domain and signature of knowledge (which altogether perform the functions of a linkable ring signature). Besides, we show that it satisfies the security requirements if the underlying building blocks are secure in the random oracle model. In comparison with the original RingCT protocol, our RingCT 2.0 protocol presents a significant space saving, namely, the transaction size is independent of the number of groups of input accounts included in the generalized ring while the original RingCT suffers a linear growth with the number of groups, which would allow each block to process more transactions.",
isbn="978-3-319-66399-9"
}

%Ring CT 3.0 FC2020
@misc{Yuen-RingCT-3.0-fc2020,
    author = {Tsz Hon Yuen and Shi-feng Sun and Joseph K. Liu and Man Ho Au and Muhammed F. Esgin and Qingzhao Zhang and Dawu Gu},
    title = {RingCT 3.0 for Blockchain Conﬁdential Transaction: Shorter Size and Stronger Security},
    howpublished = {Cryptology ePrint Archive, Report 2019/508},
    year = {2019},
    note = {\url{https://eprint.iacr.org/2019/508}},
}

% CCS MatriCT 
@inproceedings{esgin-ccs19:MatRiCT,
author = {Esgin, Muhammed F. and Zhao, Raymond K. and Steinfeld, Ron and Liu, Joseph K. and Liu, Dongxi},
title = {MatRiCT: Efficient, Scalable and Post-Quantum Blockchain Confidential Transactions Protocol},
year = {2019},
isbn = {9781450367479},
publisher = {Association for Computing Machinery},
address = {New York, NY, USA},
url = {https://doi.org/10.1145/3319535.3354200},
doi = {10.1145/3319535.3354200},
booktitle = {Proceedings of the 2019 ACM SIGSAC Conference on Computer and Communications Security},
pages = {567–584},
numpages = {18},
keywords = {ring signature, group signature, RingCT, post-quantum, zero-knowledge, lattice},
location = {London, United Kingdom},
series = {CCS ’19}
}

% blum
@inproceedings{blum-stoc88:NIZK,
author = {Blum, Manuel and Feldman, Paul and Micali, Silvio},
title = {Non-Interactive Zero-Knowledge and Its Applications},
year = {1988},
isbn = {0897912640},
publisher = {Association for Computing Machinery},
address = {New York, NY, USA},
url = {https://doi.org/10.1145/62212.62222},
doi = {10.1145/62212.62222},
booktitle = {Proceedings of the Twentieth Annual ACM Symposium on Theory of Computing},
pages = {103–112},
numpages = {10},
location = {Chicago, Illinois, USA},
series = {STOC ’88}
}

@misc{bres2020blockchain,
    title={Blockchain is Watching You: Profiling and Deanonymizing Ethereum Users},
    author={Ferenc Béres and István András Seres and András A. Benczúr and Mikerah Quintyne-Collins},
    year={2020},
    eprint={2005.14051},
    archivePrefix={arXiv},
    primaryClass={cs.CR}
}

@inproceedings{zhou2022sok,
  title={Sok: Decentralized finance (defi) attacks},
  author={Zhou, Liyi and Xiong, Xihan and Ernstberger, Jens and Chaliasos, Stefanos and Wang, Zhipeng and Wang, Ye and Qin, Kaihua and Wattenhofer, Roger and Song, Dawn and Gervais, Arthur},
  booktitle={2023 IEEE Symposium on Security and Privacy (SP)},
  pages={2444--2461},
  year={2023},
  organization={IEEE}
}

@article{soltanisehat2020technical,
  title={Technical, temporal, and spatial research challenges and opportunities in blockchain-based healthcare: A systematic literature review},
  author={Soltanisehat, Leili and Alizadeh, Reza and Hao, Haijing and Choo, Kim-Kwang Raymond},
  journal={IEEE Transactions on Engineering Management},
  year={2020},
  publisher={IEEE}
}

@article{queiroz2020blockchain,
  title={Blockchain and supply chain management integration: a systematic review of the literature},
  author={Queiroz, Maciel M and Telles, Renato and Bonilla, Silvia H},
  journal={Supply Chain Management: An International Journal},
  volume={25},
  number={2},
  pages={241--254},
  year={2020},
  publisher={Emerald Publishing Limited}
}

@article{bao2020survey,
  title={A survey of blockchain applications in the energy sector},
  author={Bao, Jiabin and He, Debiao and Luo, Min and Choo, Kim-Kwang Raymond},
  journal={IEEE Systems Journal},
  volume={15},
  number={3},
  pages={3370--3381},
  year={2020},
  publisher={IEEE}
}

@inproceedings{bano2019sok,
  title={SoK: Consensus in the age of blockchains},
  author={Bano, Shehar and Sonnino, Alberto and Al-Bassam, Mustafa and Azouvi, Sarah and McCorry, Patrick and Meiklejohn, Sarah and Danezis, George},
  booktitle={ACM Conference on Advances in Financial Technologies},
  pages={183--198},
  year={2019}
}
@inproceedings{garay2020sok,
  title={Sok: A consensus taxonomy in the blockchain era},
  author={Garay, Juan and Kiayias, Aggelos},
  booktitle={Topics in Cryptology--CT-RSA 2020: The Cryptographers’ Track at the RSA Conference 2020, San Francisco, CA, USA, February 24--28, 2020, Proceedings},
  pages={284--318},
  year={2020},
  organization={Springer}
}


@article{gatteschi2018blockchain,
  title={Blockchain and smart contracts for insurance: Is the technology mature enough?},
  author={Gatteschi, Valentina and Lamberti, Fabrizio and Demartini, Claudio and Pranteda, Chiara and Santamar{\'\i}a, V{\'\i}ctor},
  journal={Future Internet},
  volume={10},
  number={2},
  pages={20},
  year={2018},
  publisher={MDPI}
}

@article{reyna2018blockchain,
  title={On blockchain and its integration with IoT. Challenges and opportunities},
  author={Reyna, Ana and Mart{\'\i}n, Cristian and Chen, Jaime and Soler, Enrique and D{\'\i}az, Manuel},
  journal={Future Generation Computer Systems},
  volume={88},
  pages={173--190},
  year={2018},
  publisher={Elsevier}
}







#  Ray

@misc{mit2023governance,
  title={A Framework for U.S. AI Governance: Creating a Safe and Thriving AI Sector},
  author={Huttenlocher, Dan and Ozdaglar, Asu and Goldston, David},
  year={2023},
  note={Available at: \url{https://computing.mit.edu/wp-content/uploads/2023/11/AIPolicyBrief.pdf}}
}

@misc{ibm2019mlandbias,
  title={Machine learning and bias},
  author={M. Tim Jones},
  year={2019},
  note={Available at: \url{https://developer.ibm.com/articles/machine-learning-and-bias/?mhsrc=ibmsearch_a&mhq=machine%20learning%20bias}}
}

@article{bellavista2021decentralised,
  title={Decentralised learning in federated deployment environments: A system-level survey},
  author={Bellavista, Paolo and Foschini, Luca and Mora, Alessio},
  journal={ACM Computing Surveys (CSUR)},
  volume={54},
  number={1},
  pages={1--38},
  year={2021},
  publisher={ACM New York, NY, USA}
}

@inproceedings{mcmahan2017communication,
  title={Communication-efficient learning of deep networks from decentralized data},
  author={McMahan, Brendan and Moore, Eider and Ramage, Daniel and Hampson, Seth and y Arcas, Blaise Aguera},
  booktitle={Artificial intelligence and statistics},
  year={2017},
  organization={PMLR}
}